1619 2596
589 71 995 103 1NTRODUCT10N.
1338 72 1467 104 XXIX

123 198 203 223 une
223 184 451 222 traduction
470 183 638 222 litterale
660 184 874 233 (Louvain‚
899 184 972 223 Ch.
997 186 1167 231 Peeters‚
1196 184 1327 232 1903).
1351 185 1465 222 Nous

123 250 325 301 signalons
354 249 459 287 aussi
490 251 546 287 les
568 248 816 287 traductions
837 250 1066 287 allemande
1087 250 1137 287 de
1160 250 1358 287 Dombart
1380 250 1468 298 (Er-

124 316 278 364 langen,
306 314 437 364 1881),
460 313 651 352 italienne
671 315 722 352 de
739 313 918 353 Chiarini
938 315 1116 363 (Arezzo,
1141 315 1271 363 1902),
1291 315 1466 364 anglaise

121 381 175 419 de
197 379 397 418 Brodribb
418 379 630 429 (Londres,
658 379 790 429 1903).

145 548 304 598 VIII.
334 546 775 611 Temoignages
803 562 901 597 sur
929 520 1226 598 Minucius
1256 549 1304 598 F
1307 547 1438 597 elix.

433 662 621 698 Lactance
642 662 746 709 (vers
768 674 843 709 310
866 662 980 711 apr'es
1001 662 1036 711 J.
1060 660 1139 710 C.).

179 801 210 825 1.
233 787 331 825 Div.
353 787 466 833 Insl„
494 801 523 833 1,
553 800 610 833 11,
638 799 683 837 55
706 803 712 825 :
747 787 953 826 Minucius
976 787 1084 826 Felix
1110 787 1149 825 in
1181 801 1229 826 eo
1259 787 1372 834 libro,
1397 786 1466 837 qui

124 853 310 891 Octavius
330 851 570 896 inscribitur,
593 853 649 890 sic
679 861 977 902 argumentatus
1007 861 1066 892 est
1086 869 1093 891 2
1123 855 1350 900 Saturnum,
1374 865 1466 890 cum

119 920 277 969 fugatus
297 926 402 957 esset
422 931 444 956 a
464 918 547 955 filio
568 917 608 955 in
631 919 871 968 Italiamque
891 918 1077 966 venisset,
1101 918 1214 958 Caeli
1239 919 1365 956 filium
1386 918 1466 956 dic·

119 992 217 1031 tum,
249 984 360 1033 quod
394 985 594 1021 soleamus
626 996 706 1030 eos,
739 996 909 1033 quorum
946 983 1133 1022 virtutem
1167 983 1366 1030 miremur,
1399 991 1466 1021 aut

118 1049 189 1100 qui
208 1049 418 1099 repentino
444 1048 690 1096 advenerint,
715 1050 765 1088 de
786 1050 899 1088 caelo
925 1049 1119 1088 cecidisse
1139 1049 1274 1088 dicere
1290 1064 1299 1096 3
1319 1051 1466 1087 Terrae

119 1123 266 1161 autern,
289 1115 399 1163 quod
430 1113 575 1164 ignotis
596 1114 827 1164 parentibus
857 1123 972 1153 natos
1000 1123 1125 1154 terrae
1155 1115 1257 1153 filios
1287 1114 1451 1153 nomine

121 1193 222 1218 mus.
245 1180 361 1227 (Oct.,
387 1193 446 1226 21,
475 1181 524 1227 7).

176 1259 209 1283 2.
231 1245 346 1291 Ibid„
371 1256 404 1294 5,
426 1258 456 1291 1,
478 1258 521 1281 21
546 1259 552 1282 :
577 1244 637 1281 Eo
667 1244 720 1290 fit,
753 1251 795 1282 ut
830 1244 1026 1294 sapientia
1058 1253 1095 1283 et
1127 1245 1270 1283 veritas
1306 1245 1464 1283 idoneis

119 1310 385 1360 praeconibus
407 1309 592 1359 indigeat.
618 1310 679 1355 Et,
699 1309 729 1346 si
751 1310 818 1358 qui
840 1311 940 1347 forte
960 1309 1224 1348 litteratorum
1247 1323 1288 1348 se
1304 1311 1355 1348 ad
1376 1323 1463 1348 eam

116 1376 384 1421 contulerunt,
407 1374 631 1413 defensioni
653 1375 738 1423 ejus
759 1388 839 1412 non
858 1376 1110 1413 suffecerunt.
1136 1376 1196 1412 Ex
1223 1375 1268 1413 iis
1286 1375 1353 1424 qui
1369 1375 1465 1412 mihi

116 1440 202 1479 noti
223 1448 326 1487 sunt,
352 1439 556 1477 Minucius
572 1440 683 1478 Felix
704 1453 787 1477 non
805 1440 992 1490 ignobilis
1013 1440 1116 1478 inter
1137 1440 1364 1479 causidicos
1385 1441 1464 1479 loci

114 1506 199 1544 fuit.
235 1507 369 1555 Hujus
399 1505 510 1552 liber,
546 1504 612 1542 cui
654 1506 839 1543 Octavius
875 1505 1014 1542 titulus
1035 1513 1105 1552 est,
1130 1506 1316 1551 declarat,
1340 1518 1462 1555 quam

113 1571 284 1610 idoneus
316 1571 492 1609 veritatis
523 1578 694 1608 assertor
729 1583 817 1609 esse
838 1570 1051 1620 potuisset,
1074 1571 1104 1608 si
1127 1585 1168 1610 se
1190 1579 1318 1609 toturn
1340 1572 1392 1610 ad
1420 1571 1462 1610 id

115 1636 294 1676 studium
329 1636 576 1674 contulisset.
622 1635 838 1686 Septimius
870 1649 1033 1686 quoque
1071 1636 1356 1683 Tertullianus,
1399 1643 1460 1675 etc.

118 1704 236 1741 Unus
256 1702 374 1753 igitur
393 1702 632 1752 praecipuus
654 1711 692 1740 et
713 1703 842 1740 clarus
863 1701 990 1740 extitit
1013 1702 1248 1753 Cyprianus,
1272 1710 1333 1741 etc.

467 1833 675 1882 S.]e'm5me
698 1832 770 1879 (fin
791 1832 844 1869 du
870 1833 943 1868 IVe
963 1830 1112 1880 siecle).

171 1954 205 1990 3.
232 1939 515 1989 Hieronymus,
551 1941 615 1977 De
653 1941 751 1978 viris
783 1941 943 1985 illustn,
980 1944 1028 1990 58
1049 1956 1055 1978 :
1094 1941 1300 1980 Minucius
1336 1943 1457 1991 Felix,

117 2006 273 2059 Romae
305 2005 471 2055 insignis
501 2004 740 2052 causidicus,
764 2005 921 2055 scripsit
953 2006 1157 2056 dialogum
1190 2007 1396 2046 christiani
1423 2016 1461 2047 et

113 2070 264 2110 ethnici
280 2070 532 2121 disputantis,
551 2070 620 2120 qui
645 2071 829 2109 Octavius
848 2070 1087 2110 inscribitur.
1110 2073 1189 2110 Sed
1210 2081 1248 2111 et
1268 2072 1369 2111 alius
1386 2075 1461 2113 sub

115 2138 200 2186 ejus
220 2136 385 2174 nomine
400 2137 523 2174 fertur
535 2136 696 2184 Dcfalo
710 2137 771 2174 vel
782 2138 927 2174 Contra
946 2138 1252 2185 Madzewuffcos,
1269 2139 1348 2189 qui,
1368 2153 1458 2178 cum

113 2202 162 2240 sit
183 2209 222 2240 et
240 2201 326 2251 ipse
346 2201 483 2239 diserti
505 2200 692 2247 hominis,
726 2214 809 2239 non
835 2201 931 2239 mihi
953 2202 1110 2241 videtur
1130 2217 1221 2241 cum
1245 2205 1458 2254 superioris

113 2266 204 2305 libri
237 2266 328 2305 stilo
363 2266 576 2305 convenire
594 2266 709 2315 (Oct.,
735 2267 853 2316 36,2).
880 2267 1066 2305 Meminit
1088 2269 1206 2318 hujus
1228 2268 1399 2308 Minucii
1420 2279 1458 2309 et

114 2331 344 2370 Lactantius
363 2330 406 2370 in
424 2331 532 2370 libris
554 2331 645 2370 suis.
