1619 2596
131 61 193 103 42
669 58 933 92 ocTAvms.

183 174 220 223 (ι
236 174 270 221 1)
293 174 378 211 Nos
399 172 526 222 igitur,
550 172 617 222 qui
642 173 817 211 moribus
838 182 876 212 et
898 175 1052 224 pudore
1081 186 1303 221 censemur,
1328 174 1471 213 merito

128 238 242 276 malis
264 238 538 287 voluptatibus
559 246 598 276 et
619 238 777 288 pompis
799 238 936 277 vestris
958 247 995 276 et
1028 238 1267 288 spectaculis
1300 239 1472 277 abstine-

129 316 229 348 mus,
250 315 421 352 quorum
442 311 480 341 et
509 303 560 341 de
593 303 714 340 sacris
748 303 941 353 originem
965 304 1146 342 novimus
1167 313 1205 342 et
1228 304 1344 342 noxia
1364 304 1471 342 blan-

127 368 307 406 dimenta
327 369 577 406 damnamus.
599 369 703 406 Nam
725 368 764 406 in
787 369 890 407 ludis
911 370 1137 407 currulibus
1159 370 1247 419 quis
1277 381 1357 407 non
1388 369 1473 408 hor-

126 442 207 472 reat
230 434 367 483 populi
390 432 430 470 in
451 446 492 471 se
527 433 690 471 rixantis
711 433 939 472 insaniam?
974 434 1014 472 in
1043 433 1288 484 gladiatoriis
1311 434 1474 472 homici-

123 498 182 537 dii
202 498 485 547 disciplinam?
507 500 592 546 (12)
631 499 677 535 In
712 498 884 537 scenicis
905 499 1025 537 etiam
1048 512 1129 537 non
1151 499 1281 538 minor
1310 500 1415 537 furor
1434 503 1477 537 el

127 563 333 614 turpitudo
354 563 565 614 prolixior:
589 577 695 602 nunc
715 565 822 603 enim
846 565 990 602 mimus
1013 566 1072 603 vel
1094 565 1257 614 exponit
1277 563 1474 602 adulteria

127 631 189 667 vel
229 637 434 675 monstrat,
476 641 583 666 nunc
622 630 776 668 enervis
816 629 953 668 histrio
992 643 1170 668 amorem
1211 631 1307 668 dum
1348 629 1471 679 fingit»

127 694 268 745 infligit
288 710 295 732 :
318 695 425 733 idem
462 695 559 733 deos
596 703 746 733 vestros
777 696 986 734 induendo
1009 705 1156 745 stupra,
1179 696 1358 746 suspiria,
1381 695 1475 734 odia

121 761 353 807 dedecorat,
377 760 486 798 idem
521 759 717 797 simulatis
752 760 959 799 doloribus
989 761 1172 799 lacrimas
1193 770 1342 799 vestras
1363 761 1474 799 vanis

125 825 302 873 gestibus
323 834 362 863 et
384 825 547 863 nutibus
568 834 757 875 provocat
776 841 783 864 z
819 826 876 864 sic
898 827 1161 865 homicidium
1185 827 1223 864 in
1253 839 1348 865 vero
1368 827 1475 877 flagi-

125 891 230 936 tatis,
247 891 285 928 in
309 893 528 931 mendacio
548 892 661 930 fletis.

179 959 421 996 XXXVIII.
446 960 568 1007 Quod
596 972 688 997 vero
720 958 1006 997 sacrificiorum
1041 959 1226 1008 reliquias
1261 968 1299 997 et
1329 960 1474 1009 pocula

122 1022 302 1060 delibata
322 1025 631 1071 contemnimus,
655 1037 736 1062 non
769 1024 970 1062 confessio
999 1024 1152 1062 timoris
1174 1033 1244 1071 est,
1268 1025 1339 1063 sed
1359 1037 1474 1062 verae

124 1088 318 1126 libertatis
337 1089 523 1127 adsertio.
548 1091 664 1136 Nam,
683 1089 756 1127 etsi
779 1102 900 1128 omne
929 1090 1039 1139 quod
1071 1089 1256 1135 nascitur,
1276 1098 1317 1128 ut
1350 1089 1475 1128 invio-

127 1152 244 1190 labile
286 1153 361 1191 Dei
403 1167 560 1200 munus,
597 1155 708 1192 nullo
747 1168 866 1204 opere
905 1154 1193 1204 conrumpitur,
1223 1154 1471 1193 abstinemus

124 1227 272 1266 tamen,
295 1233 344 1257 ne
365 1220 454 1269 quis
476 1234 543 1258 nos
562 1220 761 1259 existimet
780 1230 848 1258 aut
878 1220 1114 1268 daemoniis,
1137 1220 1283 1270 quibus
1304 1221 1470 1259 libatum

126 1292 195 1331 est,
219 1285 362 1325 cedere
383 1295 450 1323 aut
472 1294 630 1324 nostrae
652 1285 852 1336 religionis
874 1288 1037 1337 pudere.

178 1350 238 1400 (2)
270 1351 373 1399 Quis
405 1360 539 1389 autem
575 1352 640 1390 ille
672 1352 739 1401 qui
780 1351 952 1398 dubitat,
985 1353 1114 1390 vernis
1149 1353 1357 1402 indulgere
1396 1364 1471 1390 nos

127 1414 299 1462 floribus,
322 1429 414 1454 cum
436 1430 650 1466 carpamus
672 1427 711 1456 et
738 1431 868 1455 rosam
890 1418 990 1457 veris
1011 1426 1050 1457 et
1071 1419 1197 1456 lilium
1218 1427 1256 1455 et
1277 1417 1482 1467 quicquid'

124 1480 233 1518 aliud
255 1480 295 1518 in
325 1482 490 1520 floribus
528 1484 663 1521 blandi
699 1484 843 1522 coloris
864 1492 902 1521 et
934 1484 1069 1522 odoris
1090 1485 1180 1522 est?
1203 1484 1279 1521 His
1301 1483 1411 1522 enim
1431 1493 1470 1522 et

124 1545 269 1594 sparsis
292 1547 438 1584 utimur
457 1560 504 1585 ac
525 1548 666 1587 solutis
693 1557 731 1587 et
763 1549 875 1588 sertis
911 1549 1099 1588 mollibus
1129 1550 1232 1587 colla
1255 1549 1471 1600 conplecti-

124 1623 221 1648 mur.
253 1613 356 1649 Sane
392 1613 503 1662 quod
537 1621 656 1664 caput
692 1627 773 1652 non
808 1627 1059 1661 coronamus,
1085 1614 1303 1664 ignoscite:
1333 1628 1468 1653 auram

124 1675 269 1713 bonam
290 1677 396 1715 floris
418 1678 578 1716 naribus
596 1680 753 1726 ducere,
771 1693 853 1718 non
869 1679 1059 1730 occipitio
1073 1680 1279 1730 capillisve
1293 1681 1468 1719 solemus

122 1741 290 1780 haurire.

177 1807 237 1856 (3)
259 1808 347 1844 Nec
369 1815 547 1846 mortuos
563 1822 815 1848 coronamus.
833 1811 920 1859 Ego
941 1823 1011 1849 vos
1032 1811 1072 1848 in
1094 1812 1171 1849 hoc
1194 1810 1318 1860 magis
1335 1809 1466 1856 miror,

122 1873 466 1920 quemadmodum
501 1873 682 1912 tribuatis
709 1874 881 1913 exanimi
913 1884 981 1913 aut
1015 1876 1202 1914 sentienti
1242 1877 1368 1914 facem
1399 1883 1468 1913 aut

122 1948 203 1974 non
224 1937 412 1975 sentienti
447 1951 647 1986 coronam,
667 1952 758 1978 cum
793 1949 833 1978 et
868 1941 1007 1979 beatus
1043 1954 1123 1979 non
1145 1949 1259 1991 egeat
1280 1949 1318 1978 et
1350 1941 1469 1979 miser

121 2012 203 2038 non
223 2002 397 2050 gaudeat
418 2003 664 2053 floribus.(4)
686 2007 739 2042 At
760 2005 866 2043 enim
889 2019 961 2044 nos
988 2006 1196 2055 exsequias
1223 2007 1466 2044 adornamus

120 2067 262 2104 eadem
284 2067 572 2117 tranquillitate
604 2082 683 2118 qua
716 2070 895 2118 vivimus,
919 2085 994 2109 nec
1014 2071 1268 2109 adnectimus
1288 2083 1465 2109 arescen-

116 2138 200 2171 ztem
221 2145 423 2179 coronam,
447 2134 519 2172 Sed
540 2147 561 2171 a
586 2136 675 2173 Deo
694 2136 866 2174 aeternis
899 2136 1061 2175 floribus
1096 2137 1269 2174 vividam
1299 2136 1465 2175 sustine-

123 2209 233 2235 mus:
268 2198 405 2246 quieti,
438 2200 623 2248 modesti,
656 2202 731 2240 Dei
762 2202 886 2240 nostri
920 2203 1155 2241 liberalitate
1189 2202 1328 2249 securi,
1350 2215 1462 2252 spem

121 2263 277 2302 futurae
296 2264 495 2303 felicitatis
527 2267 606 2305 fide
637 2268 856 2318 praesentis
877 2270 962 2318 ejus
983 2269 1202 2318 majestatis
1223 2268 1460 2307 animamus.

116 2328 185 2365 Sic
199 2336 239 2366 et
255 2328 361 2367 beati
377 2330 616 2380 resurgimus
631 2341 668 2370 et
683 2333 801 2371 futuri
819 2333 1161 2384 contemplatione
1180 2335 1261 2383 jam
1279 2333 1460 2371 vivimus.
