1619 2596
529 67 783 99 CHAP1TRE
820 68 1004 98 xxxm.
1355 58 1436 99 161

143 179 174 214 9.
195 178 376 215 Omnium.
398 191 480 221 pour
494 182 646 212 omnium
663 192 773 212 rerum
791 192 802 217 ;
819 181 857 212 cf.
881 189 909 221 5,
931 189 959 220 7.
981 200 1021 203 -
1050 179 1275 221 Speculator,
1295 181 1352 223 qui
1368 191 1444 212 con—

101 230 225 271 temple
250 236 281 260 et
307 230 444 260 observe
472 235 554 267 tout,
583 240 714 261 comme
737 229 816 260 d’un
842 230 906 261 lieu
923 229 1182 261 d'ol)servati‹›n.
1204 230 1313 268 Tert.,
1331 231 1443 271 Apol„

101 286 156 318 45,
169 287 189 317 9
204 291 210 308 :
228 279 286 309 sub
296 279 366 310 Deo
381 279 531 309 omnium.
547 280 751 320 ,speculatore
770 280 820 310 De
836 278 944 310 meme
960 280 1069 316 Lact.,
1084 280 1183 316 lust„
1203 280 1323 316 dz'zz.,6,
1336 280 1366 316 8,
1385 288 1422 310 12
1438 292 1444 310 ε

107 326 237 368 (Deus)
261 328 442 368 speculator
466 339 502 358 ac
528 329 618 358 testis
641 329 801 358 omnium.
834 328 881 359 Ce
907 334 976 359 mot
1003 328 1102 359 servit
1128 327 1147 358 ὲ.
1174 329 1292 358 rendre
1318 329 1348 359 le
1377 335 1445 359 mot

101 377 273 417 aptis-copus,
293 375 418 418 eveque
446 372 681 414 (ἐπίσκοπῡς),
702 387 832 408 comme
849 388 892 408 on
909 378 939 408 le
956 377 1023 408 voit
1043 378 1125 408 dans
1144 378 1176 407 S.
1198 377 1375 417 Augustin,
1394 379 1447 409 De

103 426 164 456 civ.
185 426 263 462 Dei,
283 434 310 463 1,
330 434 350 464 9
371 437 377 455 :
395 426 442 456 ad
462 426 518 456 hor
542 427 631 456 enim
660 428 881 466 speculatores,
901 427 956 456 hoc
979 432 1025 457 est
1043 427 1240 467 populorum
1252 428 1444 467 praeposui,

103 475 276 505 constituti
287 480 367 505 sunt
383 476 420 505 in
436 475 573 506 erclesz‘is
599 474 804 511 (Dombart).
837 475 921 506 Mais
938 475 990 513 ici,
1011 476 1033 506 il
1052 475 1106 516 n’y
1123 486 1141 505 a
1159 486 1218 515 pas
1234 475 1412 506 d‘allusion
1428 475 1446 507 ὲ

104 533 141 554 ce
157 533 242 555 sens.
264 542 304 546 —
320 522 355 555 A
373 532 444 565 quo
468 522 604 555 nullum
620 525 744 564 potest
762 533 847 555 esse
862 528 1058 562 secretum,
1080 535 1161 565 pour
1177 525 1288 555 abesse.
1312 525 1359 556 Le
1376 536 1447 566 par-

105 571 205 613 ticipe
227 578 382 604 secretum
401 580 418 604 x<
435 572 536 603 cache
554 580 572 604 >>
597 573 638 603 de
663 572 799 610 secerno,
818 572 965 613 se'parer,
985 580 1035 604 est
1060 573 1223 604 construit
1246 585 1374 605 comme
1397 574 1447 605 s’il

103 621 191 652 avait
215 632 275 652 son
302 633 378 653 sens
403 621 545 663 premier
570 620 654 661 (abl.
682 632 762 652 avec
787 623 855 653 ab).
876 641 917 645 ——
948 622 1117 654 Interest.
1149 623 1306 654 Chiasme
1323 629 1355 654 et
1371 634 1447 654 ana-

104 670 231 710 phore;
256 671 296 702 cs.
325 681 357 709 4,
389 680 418 701 2.
448 672 583 708 Senec.,
606 671 682 711 Ep„
711 670 763 710 83,
788 680 798 700 1
835 684 841 702 :
870 672 976 702 ΛίἸῑίί
997 673 1051 702 deo
1073 673 1199 702 clusum
1225 677 1281 703 cst.
1310 673 1449 704 Interest

103 719 231 750 animis
246 721 367 750 nostris
390 724 421 750 et
443 720 691 759 cogitalz'em'lms
718 721 834 750 mediis
851 726 1039 752 zntervcmt.
1061 721 1154 752 Saint
1172 722 1263 758 Paul,
1284 722 1343 751 Ad
1359 722 1446 759 Cor„

109 776 135 805 Ι,
151 778 182 806 4,
199 775 217 809 5
237 780 244 799 :
262 769 442 806 Dominus,
461 770 524 808 qui
537 773 567 798 el
583 769 791 799 illuminabit
806 770 991 800 abscondita
1007 771 1228 807 tenebrarum,
1247 776 1277 801 et
1294 772 1448 812 manifes-

103 818 188 848 labit
201 819 339 848 consilia
354 818 511 848 cordium.
532 819 604 848 Act.
626 819 753 858 Apast„
788 826 837 856 17,
867 818 908 849 28
935 819 1045 853 (Saint
1076 820 1155 849 Paul
1177 819 1298 850 devant
1322 819 1447 851 l’Areo-

106 868 230 909 page):
259 868 302 898 ln
328 868 395 907 ῥύεο
421 868 509 897 em'm
536 867 685 897 vivimus
711 872 741 898 ct
769 879 938 898 movemur
963 873 992 899 et
1007 878 1132 899 sumus.
1153 885 1195 888 —
1224 867 1351 910 Quasi,
1371 880 1444 910 voy.

105 926 136 957 9,
158 923 175 957 5
191 922 224 947 et
241 923 293 955 27,
317 925 342 947 1.
363 934 406 938 —
424 915 503 947 Sub
526 913 601 951 illo,
622 926 704 956 pour
720 917 779 946 snb
798 928 830 947 co
848 927 858 951 ,·
885 916 924 947 cf.
947 917 977 954 8,
999 925 1026 957 5.
1048 936 1089 939 —
1107 916 1184 949 Sed
1212 919 1258 955 et,
1289 929 1370 958 pour
1397 920 1451 949 sect

104 966 232 1002 etz'am,·
247 965 288 996 cf.
309 971 338 1005 5,
362 973 409 995 11.
430 981 472 986 —-
501 963 555 997 Ut
583 973 697 1006 prope
724 963 892 1001 dixerim,
922 967 951 996 le
969 966 1086 1007 parfait
1113 966 1155 996 du
1182 967 1265 1008 subj.
1288 967 1450 1008 potentiel

104 1015 187 1046 dans
210 1025 275 1045 une
300 1014 509 1056 proposition
536 1015 763 1051 mbordonnffe,
785 1026 866 1055 pour
885 1014 1055 1055 presenter
1071 1026 1136 1046 une
1151 1015 1353 1047 affirmation
1369 1027 1450 1048 avec

106 1063 244 1101 reserve,
264 1070 313 1095 est
331 1063 601 1104 post-classique.
631 1063 757 1101 Tacite,
778 1066 876 1103 Agla,
898 1073 927 1104 3,
952 1073 988 1104 13
1009 1077 1015 1095 :
1035 1070 1072 1095 ut
1094 1066 1141 1095 ila
1165 1066 1308 1096 derw‘z'm
1350 1067 1446 1097 Dz'al.

106 1114 144 1145 de
159 1117 257 1150 orat.,
278 1122 330 1153 34,
349 1112 379 1143 8.
401 1113 469 1144 Cic.
491 1113 542 1143 dit
564 1124 571 1143 :
582 1118 682 1153 prope
697 1113 815 1150 dz'cam,
835 1124 876 1143 ou
895 1118 932 1143 nt
947 1115 992 1143 sss
1007 1114 1124 1144 dicam.

482 1288 807 1322 GHAPITRE
847 1290 1086 1321 xxxlll.

101 1394 121 1401 l
151 1405 180 1439 1.
211 1422 253 1427 —-
285 1404 442 1447 Reponse
472 1416 514 1436 au
545 1405 641 1447 chap.
679 1407 742 1443 IX,
783 1415 794 1436 1
829 1412 862 1437 et
892 1407 922 1436 X
950 1407 1013 1446 5-6.
1050 1423 1091 1427 -
1124 1406 1205 1439 Nec
1237 1406 1292 1446 (=
1328 1414 1358 1440 et
1388 1411 1449 1449 uc)

106 1453 214 1487 nobis
240 1453 286 1487 de
310 1455 438 1487 nostra
463 1453 677 1496 frequentia.
708 1456 760 1485 De
782 1469 810 1480 z
835 1463 852 1487 <(
870 1454 889 1486 ὲ.
905 1466 1002 1487 cause
1019 1455 1060 1486 de
1078 1465 1119 1493 »3
1147 1468 1220 1496 voy.
1254 1466 1283 1492 2,
1313 1467 1331 1498 3
1357 1465 1389 1489 et
1406 1460 1445 1490 cf.

109 1513 158 1543 14,
178 1513 220 1544 3;
240 1513 289 1543 19,
308 1514 338 1543 4.
369 1504 530 1535 Octavius
547 1504 678 1545 repond
694 1504 735 1535 ici
763 1503 782 1535 ὲ
808 1505 839 1535 la
866 1504 909 1535 fin
927 1505 971 1535 du
997 1505 1092 1546 chap.
1119 1514 1157 1536 10
1186 1510 1258 1545 (nec
1283 1509 1450 1539 universis

104 1554 262 1595 sufficere)
293 1563 304 1583 .·
327 1551 451 1594 malgre
477 1560 572 1584 notre
597 1553 701 1594 grand
728 1554 878 1591 nombre,
908 1554 993 1584 Dieu
1021 1565 1104 1586 nous
1135 1558 1269 1585 connait
1301 1562 1383 1588 tous.
1412 1576 1450 1579 —

104 1600 312 1634 Admodum
327 1600 434 1643 pauci
457 1616 485 1628 =
500 1604 710 1643 paucissimi.
733 1622 773 1625 -
803 1602 898 1641 Deo,
922 1603 1008 1634 datif
1030 1604 1072 1634 de
1088 1604 1226 1634 relation
1252 1616 1293 1636 ou
1317 1607 1451 1637 dativus

95 1652 286 1693 judicantis
314 1659 331 1683 α
347 1662 412 1683 aux
436 1662 523 1692 yeux
548 1651 589 1682 de
617 1652 704 1682 Dieu
724 1660 764 1682 »z
791 1652 831 1682 cf.
862 1653 913 1692 36,
933 1662 964 1690 4.
997 1653 1162 1690 Gramma,
1186 1662 1276 1694 125a.
1297 1673 1334 1676 —
1363 1654 1448 1688 Una

105 1699 235 1732 domus
253 1707 351 1731 «une
375 1701 465 1732 seule
489 1701 613 1731 famille
630 1710 660 1734 )>.
691 1701 740 1732 Cf.
763 1701 850 1738 Cic.,
877 1702 928 1732 De
947 1707 1016 1733 nat.
1036 1702 1081 1739 d.,
1103 1711 1133 1739 2,
1157 1710 1216 1742 154
1237 1715 1243 1733 :
1270 1704 1334 1734 Es!
1360 1707 1448 1735 enim

105 1750 251 1780 mundus
259 1751 359 1790 quasi
370 1751 553 1780 communis
561 1751 693 1781 deorum
704 1755 800 1790 atque
811 1750 882 1780 hom
887 1751 982 1780 inum
993 1751 1064 1781 dom
1069 1762 1108 1781 us
1119 1756 1179 1781 aut
1192 1753 1268 1781 urbs
1281 1758 1448 1784 utrorum-

104 1810 175 1839 que.
198 1799 250 1830 De
270 1804 350 1839 rep„
370 1807 401 1838 3,
420 1807 452 1838 9,
475 1808 513 1838 14
533 1811 540 1830 :
557 1799 637 1836 deos,
656 1810 798 1840 quorum
815 1800 930 1829 domus
946 1804 1024 1830 esset
1039 1801 1147 1830 omnis
1163 1801 1216 1830 ln'c
1231 1803 1385 1834 mundns.
1407 1823 1449 1826 —

109 1846 192 1887 Hic,
222 1847 263 1879 cf.
286 1847 335 1886 18,
354 1857 386 1887 4.
405 1866 448 1870 —
475 1847 602 1889 Reges
626 1850 762 1880 tamen.
795 1848 843 1879 La
869 1848 1026 1889 particule
1052 1854 1161 1879 tamar
1187 1860 1312 1891 oppose
1338 1851 1379 1882 ici
1404 1864 1448 1883 un

107 1897 256 1928 membre
271 1896 313 1928 de
329 1897 449 1938 phrase
466 1895 614 1938 (reges...
634 1897 818 1937 noverunt)
843 1896 862 1927 ὲ
878 1897 964 1928 celui
979 1898 1035 1939 qui
1051 1899 1120 1928 suit
1136 1897 1154 1937 (
1162 1899 1269 1930 Deo...
1289 1906 1368 1940 opus
1384 1913 1448 1932 mm

107 1945 198 1987 est);
225 1952 277 1977 cet
301 1946 425 1987 emploi
449 1952 498 1978 est
520 1945 584 1977 tres
609 1945 781 1987 classique.
812 1946 862 1977 Cf.
885 1946 969 1983 Cic.,
999 1948 1050 1977 De
1075 1953 1161 1983 nas„
1187 1949 1232 1984 d„
1258 1957 1284 1986 1,
1308 1958 1381 1986 101;
1398 1952 1449 1982 De

107 1996 191 2033 div„
210 2004 240 2032 2,
261 1995 302 2026 80
331 1995 432 2026 Acad.
446 2000 515 2036 pn,
535 2005 565 2031 2.
588 2004 634 2033 19.
653 1996 705 2026 61.
726 1995 911 2032 Tite—Live,
934 1995 986 2033 28,
1006 2004 1058 2034 27,
1081 2004 1107 2036 5.
1136 1997 1190 2027 On
1207 2005 1285 2038 peut
1304 2000 1450 2031 traduire

108 2051 127 2077 «
143 2044 254 2075 tandis
267 2055 332 2085 que
349 2045 396 2076 les
411 2044 476 2075 rois
492 2053 523 2076 )>.
546 2063 583 2067 --
603 2043 725 2085 Regni
748 2042 804 2076 sui
829 2043 1010 2077 universa..
1035 2045 1215 2086 L'adjectif
1228 2057 1258 2077 n.
1282 2048 1362 2086 plur.
1384 2049 1450 2090 pris

106 2093 403 2125 substantivement
420 2099 471 2125 est
486 2093 670 2125 determine
688 2105 745 2134 par
761 2105 804 2124 un
821 2093 944 2135 ge'nitif
957 2095 1108 2135 partitif:
1128 2097 1355 2127 construction
1372 2098 1449 2138 poe-

107 2142 210 2183 tique,
229 2153 312 2184 pour
328 2153 466 2183 regnum
481 2154 580 2174 suum
598 2144 792 2174 um'zeoesum
819 2150 836 2174 ((
853 2149 923 2174 tout
950 2154 987 2174 ce
1011 2144 1068 2185 qui
1093 2155 1127 2175 se
1154 2155 1249 2185 passe
1274 2145 1357 2177 dans
1382 2147 1451 2178 leur

109 2202 263 2232 royaume
280 2198 309 2223 )>.
341 2191 375 2223 S.
404 2192 590 2229 Ambroise,
620 2193 780 2223 Hexacm.
790 2216 797 2229 ‚
832 2201 859 2229 1,
889 2201 920 2231 9,
953 2201 1013 2232 33:
1036 2199 1100 2234 pe}
1125 2205 1157 2223 u
1155 2195 1203 2224 ziz
1207 2206 1284 2225 ema
1316 2206 1386 2225 mu
1380 2197 1446 2227 ede.

108 2241 248 2278 Varron,
264 2241 316 2271 De
331 2241 353 2271 l.
369 2241 406 2276 l.,
424 2241 500 2272 162:
514 2247 612 2282 supa
613 2242 694 2272 i'orzs
709 2242 823 2272 domus
839 2253 1005 2272 unzverscz.
1023 2242 1165 2280 Catulle,
1184 2251 1237 2282 29,
1249 2252 1309 2283 23:
1322 2245 1432 2276 orbis..
1442 2272 1447 2276 .

103 2291 298 2331 perdidistis
322 2291 445 2320 omnia.
472 2290 560 2321 Aulu
587 2290 698 2327 Gelle,
724 2299 775 2330 14,
802 2300 829 2330 1,
850 2299 892 2330 3:
923 2293 1039 2322 omnia
1066 2303 1178 2322 rerum
1206 2293 1447 2326 humanarum.

111 2340 196 2371 Pour
216 2337 388 2370 l’invasion
410 2350 452 2370 ou
472 2339 665 2380 hyperbate,
686 2351 758 2380 voy.
781 2348 834 2379 30,
853 2349 884 2378 4.
905 2339 955 2371 Cf.
977 2340 1118 2377 Vahlen,
1147 2341 1260 2381 Opusc.
1280 2344 1385 2381 acad„
1407 2352 1448 2381 11,

179 2415 332 2442 Minucius.
1353 2430 1364 2445 1
1371 2430 1382 2445 t
