1619 2596
495 92 782 123 CHAPITRES
822 91 1056 121 XIV-XVJI.
1399 89 1451 133 15

163 202 222 253 (5)
246 205 295 241 Et
316 202 508 252 quoniam
531 215 642 240 meus
663 202 781 239 frater
810 200 950 250 erupit.
972 213 1087 251 aegre
1108 213 1149 238 se
1179 200 1290 246 ferre,
1314 207 1458 237 stoma-

107 268 227 314 chari,
263 267 472 318 indignari,
506 268 655 313 dolere,
677 267 908 313 inliteratos,
943 278 1148 316 pauperes,
1185 264 1378 315 inperitos
1407 264 1458 301 de

105 333 224 371 rebus
239 332 481 371 caelestibus
497 332 711 381 disputare,
727 330 825 369 sciat
840 344 982 369 ornnes
996 330 1194 376 homines,
1209 329 1295 367 sine
1309 329 1457 367 dilectu

106 398 260 445 aetatis,
282 410 411 444 sexus,
432 396 648 447 dignitatis,
663 395 827 434 rationis
849 403 887 433 et
908 409 1047 434 sensus
1063 408 1232 445 capaces
1248 402 1286 433 et
1303 394 1460 432 habiles

108 471 335 513 procreatos
371 476 445 501 nec
492 464 650 500 fortuna
685 469 866 506 nanct03‚
908 461 981 499 sed
1017 468 1157 499 natura
1191 460 1332 498 insitos
1372 472 1459 498 esse

110 528 373 578 sapientiam:
407 527 503 577 quin
534 527 644 577 ipsos
681 526 801 564 etiam
836 521 1115 576 philosophos,
1143 527 1206 564 vel
1241 525 1272 563 si
1303 524 1371 574 qui
1394 523 1460 561 alii

109 593 252 631 artium
274 600 494 644 repertores
514 592 555 630 in
577 592 790 630 memorias
811 592 1003 637 exierunt,
1026 591 1257 641 priusquam
1288 589 1463 628 sollertia

110 658 256 697 mentis
277 665 460 708 parerent
494 657 670 696 nominis
691 657 923 701 claritatem,
960 656 1120 694 habitos
1154 669 1242 694 esse
1268 654 1460 706 plebeios,

109 722 309 769 indoctos,
332 721 590 760 seminudos:
611 721 716 760 adeo
733 722 877 760 divites
900 721 1155 760 facultatibus
1176 720 1256 758 suis
1277 719 1462 770 inligatos

111 786 238 837 magis
257 800 399 825 aurum
421 786 620 838 suspicere
652 799 872 826 consuesse
907 800 1027 837 quam
1063 787 1231 832 caelum,
1269 793 1463 823 nostrates

111 867 306 904 pauperes
326 861 365 893 et
381 862 632 893 commentos
649 867 736 892 esse
756 852 1015 903 prudentiam
1031 859 1068 890 et
1090 850 1301 889 tradidisse
1322 850 1464 889 ceteris

112 919 377 969 disciplinam.
417 919 537 958 Unde
556 926 723 968 apparet
756 917 960 968 ingenium
983 930 1064 955 non
1095 916 1178 955 dari
1205 915 1463 954 facultatibus

114 997 189 1022 nec
209 984 344 1022 studio
365 983 504 1034 parari,
528 984 599 1022 sed
623 996 715 1020 cum
737 983 822 1034 ipsa
844 981 989 1021 mentis
1011 981 1250 1020 formatione
1273 980 1461 1031 generari.

117 1050 177 1098 (6)
197 1049 309 1087 Nihil
339 1049 473 1099 itaque
493 1048 789 1098 indignandum
819 1050 881 1087 vel
903 1049 1139 1094 dolendum,
1167 1048 1198 1086 si
1220 1047 1465 1098 quicumque

117 1116 168 1154 de
188 1115 333 1153 divinis
367 1123 541 1165 quaerat,
573 1114 729 1160 sentiat,
765 1116 951 1164 proferat,
986 1127 1077 1152 cum
1105 1126 1187 1152 non
1221 1112 1465 1163 disputantis

115 1181 341 1227 auctoritas,
365 1181 435 1219 sed
456 1179 741 1230 disputationis
764 1180 888 1230 ipsius
908 1179 1051 1218 veritas
1077 1179 1309 1229 requiratur.
1332 1181 1467 1227 Atque

115 1245 248 1293 etiam,
262 1258 342 1295 quo
362 1244 583 1294 imperitior
596 1258 739 1292 sermo,
756 1246 833 1283 hoc
855 1244 1055 1283 inlustrior
1075 1244 1175 1282 ratio
1192 1250 1260 1291 est,
1276 1242 1466 1293 quoniam

116 1324 199 1348 non
235 1311 383 1349 fucatur
401 1323 551 1360 pompa
587 1309 799 1348 facundiae
832 1318 869 1348 et
898 1310 1059 1360 gratiae,
1092 1311 1176 1356 sed,
1202 1317 1242 1347 ut
1277 1315 1348 1355 est,
1372 1307 1467 1346 recti

117 1378 253 1426 regula
273 1376 497 1415 sustinetur.

168 1443 303 1479 XVII.
324 1442 410 1479 Nec
426 1454 578 1486 recuso,
594 1441 703 1490 quod
722 1439 922 1479 Caecilius
943 1440 1126 1478 adserere
1139 1438 1243 1478 inter
1256 1440 1469 1490 praecipua

117 1507 278 1545 conisus
294 1515 364 1553 est,
379 1505 586 1544 hominem
602 1518 721 1544 nosse
738 1518 779 1543 se
799 1513 838 1543 et
859 1505 1166 1554 circumspicere
1187 1505 1349 1551 debere,
1371 1505 1468 1555 quid

116 1573 177 1618 sit,
193 1573 302 1611 unde
318 1572 378 1618 sit,
401 1585 521 1621 quare
542 1571 591 1609 sit
607 1586 614 1610 :
636 1579 769 1609 utrum
791 1570 1002 1609 elementis
1017 1577 1228 1608 concretus
1244 1583 1294 1608 an
1308 1570 1469 1609 concin—

117 1647 234 1678 natus
266 1638 422 1685 atomis,
458 1651 508 1676 an
538 1638 670 1688 potius
691 1651 713 1676 a
735 1640 825 1676 Deo
854 1639 993 1683 factus,
1029 1637 1233 1683 formatus,
1255 1637 1467 1676 animatus.

116 1704 175 1756 (2)
192 1705 314 1753 Quod
334 1704 465 1754 ipsum
486 1706 690 1755 explorare
711 1711 749 1742 et
770 1716 907 1742 eruere
935 1702 1021 1740 sine
1041 1702 1313 1741 universitatis
1343 1703 1469 1752 inqui-

116 1769 260 1808 sitione
281 1783 363 1807 non
384 1783 610 1819 possumuS,
642 1783 735 1808 cum
758 1769 812 1806 ita
838 1768 1106 1815 cohaerentia,
1139 1781 1303 1814 conexa,
1326 1780 1468 1806 conca-

116 1842 252 1873 tenata
272 1835 362 1882 sint,
377 1841 430 1881 ut,
450 1834 524 1872 nisi
540 1835 759 1873 divinitatis
782 1834 977 1872 rationem
1000 1832 1212 1882 diligenter
1232 1833 1465 1878 excusseris,

115 1900 272 1939 nescias
293 1900 562 1947 humanitatis,
587 1913 661 1939 nec
683 1899 813 1950 possis
834 1900 1000 1948 pulchre
1019 1912 1155 1948 gerere
1176 1911 1259 1936 rem
1294 1898 1464 1944 civilem,

117 1965 193 2003 nisi
213 1966 448 2015 cognoveris
469 1967 574 2004 hanc
596 1978 855 2003 communem
877 1964 1057 2002 omnium
1088 1963 1228 2001 mundi
1250 1963 1464 2009 civitatem,

116 2030 331 2081 praecipue
353 2043 444 2069 cum
465 2044 488 2069 a
509 2032 599 2069 feris
621 2030 747 2069 beluis
768 2031 846 2067 hoc
867 2028 1107 2075 differamus,
1126 2029 1236 2078 quod
1257 2029 1322 2066 illa
1342 2041 1468 2078 prona

116 2097 157 2134 in
176 2104 403 2146 terramque
421 2095 625 2147 vergentia
646 2095 745 2133 nihil
765 2102 857 2132 nata
877 2094 955 2132 sint
985 2094 1212 2144 prospicere
1242 2093 1316 2131 nisi
1346 2094 1468 2143 pabu-

117 2163 213 2207 lum,
236 2174 320 2209 nOS,
343 2161 488 2211 quibus
508 2163 641 2200 vultus
662 2168 826 2205 erectus,
849 2160 995 2209 quibus
1020 2168 1230 2210 suspectus
1250 2159 1290 2196 in
1311 2160 1465 2197 caelum

118 2227 235 2265 datus
255 2233 325 2274 est,
348 2239 479 2265 sermo
499 2234 536 2265 et
558 2227 669 2274 ratio,
691 2240 761 2277 per
780 2238 881 2275 quae
905 2226 1037 2264 Deum
1064 2226 1360 2276 adgnoscimus,
1383 2238 1467 2263 sen·

117 2291 249 2338 timus,
281 2291 492 2339 imitamur,
513 2292 694 2342 ignorare
723 2304 797 2329 nec
818 2291 874 2328 fas
895 2303 970 2328 nec
999 2290 1091 2329 licet
1112 2292 1357 2341 ingerentem
1379 2303 1467 2328 sese

119 2356 246 2396 oculis
280 2364 318 2395 et
351 2356 535 2402 sensibus
569 2357 715 2396 nostris
743 2358 954 2396 caelestem
992 2357 1208 2395 claritatem
1230 2373 1236 2395 :
1272 2356 1466 2406 sacrilegii
