1619 2596
494 63 776 96 CHAPITRES
815 61 1163 93 XXXII-XXXIV.
1442 59 1500 106 37

154 176 292 214 bribus
340 176 727 224 obtemperaverunt,
780 174 830 211 de
873 172 1010 223 paucis
1050 173 1247 210 innumeri
1298 171 1401 218 facti,
1451 172 1502 209 de

151 241 361 291 egentibus
396 239 549 285 divites,
586 239 637 276 de
677 238 937 276 servientibus
979 251 1116 288 reges:
1158 236 1306 275 modici
1339 237 1500 282 multos,

150 305 293 345 inermi
331 312 514 350 armatos,
556 304 652 341 dum
685 303 841 352 fugiunt
881 303 1150 352 insequentes,
1195 303 1268 339 Dei
1308 304 1420 352 jussu
1461 309 1501 340 et

148 370 357 409 elementis
376 368 650 408 adnitentibus
672 369 903 406 obruerunt.
927 368 987 417 (4)
1010 368 1165 418 Scripta
1186 381 1324 406 eorum
1357 369 1498 417 relege,

147 437 221 483 vel,
243 444 286 474 ut
319 444 571 473 transeamus
605 440 767 480 veteres,
792 434 899 471 Flavi
934 433 1115 483 Josephi,
1138 434 1211 479 vel,
1235 433 1264 470 si
1303 433 1500 470 Romanis

147 500 270 550 magis
291 501 452 550 gaudes,
475 498 627 536 Antoni
650 498 799 547 Juliani
821 500 871 536 de
891 498 1057 548 Judaeis
1081 498 1260 548 require:
1279 500 1361 547 jam
1385 497 1497 543 scies,

145 565 325 615 nequitia
357 578 428 602 sua
459 565 564 601 hanc
599 576 667 601 eos
700 563 892 601 meruisse
927 565 1141 609 fortunam,
1167 576 1240 600 nec
1275 563 1497 612 quidquam

144 630 341 669 accidisse
371 629 481 680 quod
512 641 592 666 non
623 629 673 666 sit
701 628 774 675 his,
798 628 830 666 si
853 628 891 665 in
915 628 1170 666 contumacia
1190 636 1499 678 perseverarent,

144 704 236 734 ante
257 695 515 746 praedictum.
541 695 599 744 (5)
624 695 685 731 Ita
704 694 810 743 prius
837 707 906 732 eos
933 694 1160 732 deseruisse
1190 693 1499 743 conprehendes

144 774 264 811 quam
299 774 385 799 esse
417 761 595 798 desertos
617 772 705 806 nec,
726 767 767 796 ut
803 759 924 809 impie
957 758 1142 808 loqueris,
1175 772 1266 796 cum
1299 759 1389 796 Deo
1425 770 1499 795 suo

142 833 293 876 captos,
317 827 387 864 sed
407 840 430 864 a
452 827 542 864 Deo
563 833 605 863 ut
626 825 862 874 disciplinae
884 825 1107 874 transfugas
1129 824 1303 862 deditos.

196 893 386 930 XXXIV.
425 892 614 931 Ceterum
651 891 701 929 de
743 890 932 928 incendio
964 890 1116 936 mundi,
1145 897 1213 927 aut
1248 888 1495 939 inprovisum

143 955 275 1007 ignem
310 957 452 995 cadere
491 964 558 994 aut
593 957 758 995 deficere
797 969 966 992 umorem
1003 968 1083 993 non
1124 955 1288 993 credere
1328 954 1496 1004 vulgaris

142 1021 283 1060 erroris
305 1028 374 1060 est.
400 1021 460 1071 (2)
483 1021 584 1070 Quis
605 1021 712 1059 enim
745 1020 985 1069 sapientium
1018 1020 1187 1067 dubitat,
1211 1020 1299 1069 quis
1327 1019 1493 1069 ignorat,

144 1087 280 1125 omnia
313 1100 415 1137 quae
449 1094 537 1125 orta
571 1094 675 1134 sunt,
699 1087 894 1132 occidere,
929 1099 1032 1135 quae
1059 1087 1162 1124 facta
1197 1092 1288 1123 sunt
1322 1084 1493 1131 interire,

151 1152 307 1189 caelum
328 1164 490 1201 quoque
511 1164 601 1189 curn
624 1150 813 1189 omnibus
834 1164 936 1200 quae
958 1152 1070 1188 caelo
1092 1150 1360 1196 continentur,
1382 1149 1436 1187 ita
1457 1157 1499 1187 ut

153 1215 345 1265 coepisse,
368 1215 562 1254 desinere.
590 1217 750 1255 Omnem
782 1218 872 1253 adeo
904 1218 1102 1262 mundum,
1131 1217 1168 1253 si
1197 1217 1320 1261 solem,
1348 1216 1496 1261 lunam,

151 1281 301 1330 reliqna
322 1288 432 1319 astra
463 1283 623 1319 desierit
650 1281 818 1320 fontium
850 1282 978 1320 dulcis
1010 1295 1113 1331 aqua
1145 1287 1181 1318 el
1209 1294 1311 1329 aqua
1348 1279 1500 1318 marina

146 1346 305 1392 nutrire,
342 1346 382 1384 in
412 1346 490 1384 vim
521 1346 622 1397 ignis
651 1347 865 1394 abiturum,
889 1346 1033 1385 Stoicis
1054 1354 1245 1384 constans
1267 1346 1405 1395 opinio
1426 1352 1497 1392 est,

144 1412 254 1459 quod
275 1419 490 1450 consumto
521 1424 659 1450 umore
688 1413 862 1450 mundus
897 1412 963 1450 hic
984 1412 1115 1450 omnis
1137 1412 1324 1461 ignescat.
1350 1412 1409 1461 (3)
1446 1411 1497 1448 Et

141 1475 349 1526 Epicureis
380 1478 430 1516 de
457 1479 748 1516 elementorum
783 1477 1100 1528 conflagratione
1132 1484 1170 1515 et
1207 1476 1348 1515 mundi
1382 1475 1496 1514 ruina

137 1542 281 1579 eadem
303 1541 388 1592 ipsa
420 1542 621 1580 sententia
656 1550 725 1580 est.
750 1542 808 1591 (4)
848 1542 1044 1592 Loquitur
1074 1543 1188 1580 Plato
1217 1550 1351 1593 partes
1385 1541 1494 1579 orbis

138 1618 246 1644 nunc
285 1607 493 1654 inundare,
531 1621 638 1645 nunc
672 1608 834 1646 alternis
870 1608 1024 1646 vicibus
1059 1609 1281 1653 ardescere,
1324 1614 1362 1645 et
1399 1619 1490 1644 cum

137 1669 268 1720 ipsum
310 1673 508 1710 mundum
549 1681 784 1722 perpetuum
826 1680 864 1710 et
903 1672 1163 1711 insolubilem
1204 1672 1357 1710 diceret
1405 1685 1501 1710 esse—

136 1736 386 1783 fabricatum‚
408 1737 522 1776 addit
542 1746 689 1784 tamen,
714 1737 788 1787 ipsi
809 1737 950 1776 artifici
985 1739 1074 1776 Deo
1106 1737 1179 1776 soli
1209 1745 1247 1774 et
1278 1735 1490 1775 solubilem

137 1808 176 1839 et
197 1814 283 1840 esse
305 1804 523 1841 mortalem.
548 1804 611 1841 Ita
640 1803 738 1840 nihil
770 1804 913 1841 mirum
949 1810 1019 1850 est,
1053 1802 1082 1841 si
1105 1802 1180 1840 ista
1200 1803 1327 1840 moles
1348 1801 1399 1839 ab
1429 1813 1489 1847 eo,

137 1878 219 1915 quo
238 1875 438 1905 exstructa
458 1875 528 1913 est,
552 1869 789 1906 destruatur.

194 1930 252 1980 (5)
286 1927 590 1970 'Animadvertis
637 1933 900 1982 philosophos
946 1933 1087 1971 eadem
1138 1933 1340 1982 disputare
1388 1943 1491 1979 quae

136 1994 320 2044 dicimus,
343 2010 423 2036 non
446 1999 556 2048 quod
578 2012 650 2037 nos
672 1998 797 2037 simus
819 2011 957 2037 eorum
988 1997 1151 2047 vestigia
1178 1995 1396 2041 subsecuti,
1420 1996 1490 2034 sed

136 2062 248 2109 quod
269 2061 324 2099 illi
349 2063 400 2101 de
434 2063 578 2101 divinis
610 2064 953 2114 praedictionibus
987 2065 1272 2113 prophetarum
1306 2060 1489 2098 umbram

136 2125 402 2176 interpolatae
424 2127 599 2166 veritatis
620 2128 764 2167 imitati
786 2129 873 2166 sint.

192 2190 251 2240 (6)
273 2191 337 2229 Sic
358 2191 478 2230 etiam
498 2193 782 2232 condicionem
816 2194 1054 2232 renascendi
1082 2192 1322 2244 sapientium
1354 2190 1490 2230 clario-

136 2268 210 2302 res,
251 2257 494 2306 Pythagoras
529 2258 679 2307 primus
719 2267 756 2297 et
796 2259 1034 2309 praecipuus
1072 2261 1196 2304 Plato,
1234 2263 1420 2307 corrupta
1450 2263 1489 2293 et

135 2319 346 2359 dimidiata
367 2323 446 2360 fide
476 2323 724 2362 tradiderunt
745 2340 752 2362 :
786 2338 875 2362 nam
899 2324 1136 2374 corporibus
1157 2322 1361 2362 dissolutis
1382 2322 1493 2360 solas
