1619 2596
143 69 206 112 30
677 65 941 98 OCTAVIUS.

142 181 180 218 in
202 179 413 230 Symposio
434 178 552 216 etiarn
575 190 648 216 suo
670 185 851 214 naturam
875 176 1118 213 daemonum
1141 174 1362 224 exprimere
1378 175 1485 212 coni-

140 246 260 282 titur?
293 246 388 282 Vult
408 244 515 282 enim
538 256 625 281 esse
645 241 909 280 substantiam
943 241 1044 278 inter
1071 242 1276 278 mortalem
1299 240 1485 277 inmorta-

141 312 312 359 lemque‚
348 309 387 347 id
419 319 478 347 est
510 308 612 346 inter
645 320 790 357 corpus
825 315 861 344 et
897 305 1074 356 spiritum
1117 305 1301 351 mediam,
1341 304 1487 342 terreni

142 374 330 424 ponderis
352 381 390 412 et
406 374 588 412 caelestis
610 372 779 411 levitatis
796 370 1045 410 admixtione
1061 378 1303 415 concretam,
1334 383 1382 407 ex
1408 381 1485 418 qua

145 448 281 478 monet
314 440 433 477 etiam
469 451 541 477 nos
580 451 748 476 amorem
781 436 981 475 informari
1025 445 1063 473 et
1099 435 1221 473 inlabi
1257 435 1488 484 pectoribus

145 504 331 549 humanis
361 512 400 542 et
428 517 590 542 sensum
615 516 773 541 movere
795 513 833 541 et
854 503 1036 540 adfectus
1059 501 1210 550 fingere
1245 509 1283 538 et
1304 500 1486 538 ardorem

145 569 378 619 cupiditatis
399 570 622 607 infundere.

201 637 378 674 XXVII.
400 635 471 673 Isti
491 634 606 684 igitur
622 634 764 682 impuri
784 633 955 683 spiritus,
971 633 1201 675 daemones.
1221 639 1262 668 ut
1283 638 1489 668 ostensum

148 700 272 748 magis
300 712 346 737 ac
378 698 642 749 philosophis,
671 698 745 736 sub
767 697 906 735 statuis
927 704 964 734 et
986 695 1226 745 imaginibus
1247 694 1492 733 consecratis

144 765 379 803 delitiscunt
417 772 455 803 et
492 765 643 802 adflatu
683 776 758 801 suo
796 763 1072 799 auctoritatem
1114 761 1227 809 quasi
1273 759 1492 810 praesentis

144 828 320 866 numinis
339 836 654 878 consequuntur,
676 829 773 865 dum
796 827 993 876 inspirant
1014 826 1170 864 interim
1193 825 1362 872 vatibus,
1393 826 1490 863 dum

144 894 244 932 fanis
258 893 516 941 inmorantur,
534 895 629 932 dum
647 905 952 941 nonnumquam
967 900 1145 929 extorum
1165 891 1281 928 libras
1299 890 1491 936 animant,

142 960 275 998 avium
311 961 464 997 volatus
492 959 728 1009 gubernant,
765 965 888 995 sortes
923 966 1075 1006 regunt,
1111 957 1269 994 oracula
1303 955 1493 1001 efficiunt,

145 1025 251 1062 falsis
271 1024 452 1074 pluribus
473 1023 663 1062 involuta.
688 1024 747 1073 (2)
769 1023 872 1060 Nam
895 1030 933 1060 et
955 1022 1144 1059 falluntur
1165 1030 1203 1059 et
1224 1022 1378 1067 fallunt,
1400 1028 1443 1058 ut
1457 1028 1495 1057 et

144 1091 370 1128 nescientes
387 1090 582 1127 sinceram
600 1088 806 1127 veritatem
820 1095 858 1125 et
872 1082 992 1136 quam
1009 1086 1152 1131 sciunt,
1171 1086 1209 1123 in
1227 1085 1492 1135 perditionem

145 1155 204 1192 sui
227 1168 306 1193 non
329 1155 583 1193 confitentes.
606 1153 670 1192 Sic
691 1167 713 1191 a
733 1154 848 1191 caelo
869 1154 1058 1190 deorsum
1079 1160 1245 1201 gravant
1279 1159 1318 1190 et
1348 1164 1370 1188 a
1404 1152 1494 1189 Deo

147 1233 239 1258 vero
258 1221 308 1258 ad
331 1220 515 1258 materias
535 1227 717 1264 avocant,
736 1218 858 1255 vitam
881 1217 1052 1263 turbant,
1074 1229 1234 1255 somnos
1257 1215 1493 1266 inquietant,

146 1286 374 1336 inrepentes
413 1285 534 1324 etiam
578 1284 811 1334 corporibus
841 1284 1011 1329 occulte,
1052 1293 1094 1320 ut
1133 1282 1294 1332 spiritus
1338 1290 1492 1328 tenueS‚

149 1352 311 1390 morbos
332 1352 498 1401 fingunt,
522 1358 671 1389 terrent
692 1356 859 1395 mentes,
883 1348 1061 1386 membra
1088 1347 1352 1397 distorquent,
1375 1355 1417 1385 ut
1443 1348 1495 1386 ad

148 1418 303 1454 cultum
325 1415 385 1453 sui
407 1423 562 1465 cogant,
586 1423 629 1452 ut
649 1414 789 1452 nidore
816 1415 997 1451 altarium
1031 1413 1093 1451 vel
1123 1412 1262 1451 hostiis
1292 1413 1498 1463 pecudum

148 1480 330 1531 saginati,
371 1480 546 1519 remissis
584 1493 689 1530 quae
723 1479 1052 1525 constrinxerant,
1089 1491 1246 1516 curasse
1273 1478 1498 1517 videantur..

149 1549 210 1596 (3)
230 1545 337 1584 Hinc
352 1553 445 1584 sunt
460 1553 498 1584 et
519 1547 708 1591 furentes,
725 1557 826 1595 quos
839 1544 880 1581 in
896 1544 1104 1594 publicum
1119 1543 1262 1581 videtis
1277 1555 1495 1588 excurrere,

150 1620 259 1650 vates
291 1619 329 1650 et
352 1610 428 1661 ipsi
449 1611 602 1660 absque
623 1612 787 1660 templo,
821 1610 877 1648 sic
897 1609 1114 1653 insaniunt,
1148 1609 1203 1646 sic
1238 1609 1504 1655 bacchantur,.

150 1678 208 1717 sic
239 1686 443 1716 rotantur:
475 1691 545 1728 par
572 1685 609 1715 et
642 1678 681 1714 in
718 1677 794 1713 illis
826 1675 1026 1725 instigatio
1052 1674 1274 1721 daemonis,
1297 1675 1368 1712 sed
1388 1687 1499 1724 argu-

153 1750 332 1781 mentum
353 1742 487 1792 dispar
506 1742 656 1780 furoris.
695 1742 754 1790 (4)
780 1743 839 1778 l)e
859 1740 955 1791 ipsis
987 1740 1105 1778 etiam
1129 1741 1205 1786 illa,
1242 1752 1344 1789 quae
1378 1740 1507 1789 paulo·

149 1816 244 1846 ante
264 1807 332 1845 tibi
356 1808 463 1845 dicta
487 1814 592 1851 sunt,
615 1814 657 1844 ut
678 1805 861 1856 Juppiter
894 1806 1010 1843 ludos
1043 1811 1238 1854 repeteret
1258 1817 1305 1842 ex
1325 1804 1504 1849 somnio,v

153 1882 195 1910 ut
216 1885 308 1910 cum
335 1872 449 1921 equis
480 1873 666 1911 Castores
701 1871 940 1916 viderentur,
978 1880 1019 1907 ut
1051 1870 1255 1920 cingulum
1291 1878 1498 1908 matronae

153 1938 337 1975 navicula
358 1945 601 1987 sequeretur.

208 2004 268 2053 (5)
310 2003 425 2041 Haec
460 2003 598 2040 omnia
636 2002 766 2040 sciunt
806 2003 996 2052 pleraque
1036 2014 1126 2051 pars
1174 2007 1346 2038 vestrum
1391 1999 1504 2050 ipsos-

153 2070 372 2107 daemonas
393 2069 445 2106 de
466 2067 695 2118 semetipsis
716 2067 909 2113 confiteri,
941 2066 1128 2116 quotiens
1149 2078 1171 2102 a
1191 2064 1310 2103 nobis
1331 2074 1500 2103 tormen-

154 2134 210 2183 tis=
224 2133 437 2172 verborum
459 2141 497 2171 et
518 2133 709 2171 orationis
730 2132 926 2171 incendiis
948 2132 998 2170 de
1018 2131 1251 2180 corporibus
1275 2129 1495 2180 exiguntur.

156 2198 215 2247 (6)
239 2199 331 2248 Ipse
352 2199 545 2236 Saturnus
566 2205 604 2235 et
625 2197 782 2246 Serapis
800 2206 838 2235 et
853 2196 1037 2247 Juppiter
1067 2203 1105 2233 et
1125 2195 1319 2245 quicquid
1339 2196 1501 2233 daemo-

157 2277 253 2301 num
275 2263 415 2310 colitis,
449 2262 540 2300 victi
562 2263 701 2301 dolore
726 2263 837 2311 quod
858 2269 950 2300 sunt
980 2262 1233 2310 eloquuntur,
1267 2272 1340 2299 nec
1362 2260 1499 2308 utique

155 2329 195 2366 in
224 2328 510 2378 turpitudinem
541 2328 611 2374 sui,
634 2327 840 2366 nonnullis
861 2327 1091 2377 praesertim
1113 2334 1288 2365 vestrum
1308 2326 1502 2365 adsisten-
