1619 2596
144 80 198 110 12
675 75 938 108 OCTAVIUS.

135 191 347 230 subvenire
379 190 718 228 revivescentibus
754 196 898 239 potest,
935 189 1162 227 viventibus
1201 201 1281 227 non
1317 186 1480 238 potest?

135 256 196 307 (5)
215 257 363 294 Nonne
374 255 549 293 Romani
565 254 651 292 sine
667 262 799 292 vestro
812 254 890 292 deo
905 254 1101 304 imperant
1115 261 1292 304 regnant,
1305 255 1484 293 fruuntur

132 319 229 356 orbe
250 324 337 356 toto
356 316 558 366 vestrique
579 315 869 354 dominantur?
891 317 974 353 Vos
1005 328 1097 354 vero
1119 316 1301 365 suspensi
1326 316 1479 355 interim

132 390 252 432 atque
272 381 431 420 solliciti
455 380 635 419 honestis
657 379 931 429 voluptatibus
951 380 1186 419 abstinetis:
1222 394 1301 419 non
1332 389 1481 431 specta-

132 449 221 485 cula
243 446 376 493 visitis,
401 459 482 484 non
505 446 664 495 pompis
686 445 897 490 interestis,
930 445 1113 483 convivia
1142 446 1302 496 publica
1331 447 1483 496 absque

131 512 256 558 vobis,
279 525 390 550 sacra
410 511 642 557 certamina,
667 517 921 560 praecerptos
943 511 1056 549 cibos
1078 519 1116 549 et
1137 512 1337 550 delibatos
1353 511 1483 549 altari-

134 577 207 615 bus
237 584 355 627 potus
380 577 613 615 abhorretis.
647 576 710 615 Sic
741 575 1007 614 reformidatis
1039 578 1136 615 deos
1172 590 1272 626 quos
1308 578 1483 627 negatis!

132 642 194 690 (6)
217 642 311 680 Non
332 642 498 680 floribus
519 649 639 690 caput
669 640 840 684 nectitis,
863 653 944 679 non
967 654 1111 691 corpus
1132 642 1323 680 odoribus
1346 643 1484 680 hones-

130 706 239 744 tatis:
261 706 467 745 reservatis
491 714 695 756 unguenta
718 706 935 751 funeribus,
959 719 1129 745 coronas
1149 707 1269 746 etiam
1293 707 1485 757 sepulcris

134 772 354 822 denegatis,
377 771 515 822 pallidi
539 772 696 822 trepidi,
721 771 992 810 misericordia
1020 773 1144 822 digni,
1167 774 1237 811 sed
1261 781 1487 811 nostrorum

132 837 311 875 deorum.
333 838 393 874 Ita
415 850 488 875 nec
510 837 712 886 resurgitis
735 836 864 874 miseri
889 849 963 874 nec
986 836 1145 876 interim
1167 837 1296 875 vivitis
1316 841 1322 874 ἕ

187 903 244 953 (7)
266 902 453 949 Proinde,
476 903 506 940 si
528 903 624 952 quid
655 902 875 952 sapientiae
905 902 1019 941 vobis
1039 911 1106 941 aut
1127 904 1392 942 verecundiae
1412 912 1483 948 est,

132 968 302 1007 desinite
324 968 421 1006 caeli
453 969 587 1018 plagas
617 978 653 1006 et
686 968 825 1006 mundi
856 969 936 1006 fata
965 975 1004 1007 et
1034 976 1185 1007 secreta
1215 968 1366 1006 rimari:
1390 969 1493 1006 satis-

133 1041 192 1071 est
218 1046 289 1081 pro
310 1033 484 1083 pedibus
509 1033 686 1082 aspicere
714 1033 885 1071 maxime
911 1033 1086 1071 indoctis
1106 1033 1295 1083 inpolitis,
1319 1033 1493 1071 rudibus-

131 1098 364 1148 agrestibus,
387 1098 533 1148 quibus
565 1110 645 1135 non
677 1106 735 1136 est
764 1099 903 1136 datum
934 1098 1166 1148 intellegere
1187 1098 1329 1144 civilia,
1355 1100 1483 1136 multo

134 1163 259 1212 magis
280 1164 521 1213 denegatum
544 1171 602 1201 est
625 1163 821 1201 disserere
843 1163 986 1201 divina.

189 1229 308 1266 XIII.
341 1229 614 1278 Quamquam,
638 1227 669 1265 si
695 1227 1010 1278 philosophandi
1032 1226 1160 1265 libido
1183 1235 1254 1272 est,
1277 1228 1481 1274 Socraten,

132 1293 353 1343 sapientiae
373 1292 610 1343 principem,
634 1293 805 1342 quisque
833 1300 1008 1331 vestrum
1037 1299 1171 1330 tantus
1201 1300 1272 1337 est,
1296 1292 1325 1330 si
1349 1301 1485 1342 potue-

131 1359 193 1408 rit,
210 1358 397 1397 imitetur.
417 1359 515 1408 Ejus
529 1358 612 1405 viri,
629 1358 818 1408 quotiens
831 1359 881 1397 de
896 1357 1135 1396 caelestibus
1151 1357 1375 1408 rogabatur,
1391 1366 1484 1396 nota

130 1423 341 1474 responsio
370 1430 453 1462 est:
485 1433 504 1463 <‹
522 1424 633 1473 quod
654 1436 773 1473 supra
796 1436 881 1469 nos,
903 1423 1004 1460 nihil
1025 1424 1077 1461 ad
1099 1436 1173 1461 nos
1189 1432 1224 1462 ».
1249 1422 1308 1472 (2)
1334 1422 1484 1461 Merito

128 1502 223 1539 ergo
244 1490 296 1527 de
326 1489 489 1527 oraculo
520 1481 801 1526 testimonium
830 1488 974 1526 meruit
996 1487 1233 1537 prudentiae
1262 1483 1481 1537 singularis.

129 1555 251 1602 Quod
287 1555 506 1600 oraculum,
541 1553 649 1592 idem
682 1553 766 1602 ipse
802 1553 1012 1603 persensit,
1044 1553 1195 1591 idcirco
1231 1552 1422 1591 universis
1449 1566 1485 1590 se

128 1633 216 1658 esse
248 1619 533 1669 praepositum,
563 1631 647 1656 non
675 1620 786 1668 quod
816 1618 953 1656 onmia
980 1619 1256 1668 comperisset,
1279 1619 1350 1656 sed
1371 1620 1483 1668 quod

129 1684 229 1722 nihil
270 1698 311 1723 se
345 1684 446 1722 scire
481 1683 712 1722 didicisset:
749 1683 802 1721 ita
833 1684 1042 1721 confessae
1078 1682 1286 1733 inperitiae
1326 1696 1484 1721 summa

128 1749 343 1800 prudentia
362 1756 432 1788 est.
458 1749 517 1799 (3)
540 1750 635 1786 Hoc
651 1750 763 1786 fonte
779 1747 944 1786 defluxit
961 1747 1164 1786 Arcesilae
1185 1755 1224 1786 et
1245 1749 1373 1786 multo
1393 1756 1482 1798 post

128 1815 349 1855 Carneadis
370 1823 409 1853 et
430 1814 775 1852 Academicorum
796 1813 1060 1863 plurimorum
1083 1812 1122 1850 in
1155 1813 1323 1850 summis
1345 1825 1483 1862 quaes-

127 1880 306 1919 tionibus
336 1888 421 1918 tuta
453 1879 663 1925 dubitatio,
696 1891 776 1928 quo
806 1891 952 1928 genere
984 1878 1260 1928 philosophari
1293 1886 1331 1916 et
1366 1887 1483 1916 caute

130 1945 287 1984 indocti
308 1952 476 1994 possunt
497 1952 535 1982 et
551 1944 660 1982 docti
677 1943 860 1993 gloriose.
884 1942 946 1994 (4)
968 1943 1091 1991 Quid,
1114 1942 1333 1981 Simonidis
1351 1943 1480 1980 melici

130 2024 266 2050 nonne
305 2011 543 2050 admiranda
586 2009 775 2048 omnibus
814 2017 852 2048 et
891 2010 1083 2047 sectanda
1121 2008 1326 2046 cunctatio
1345 2010 1362 2047 ?
1400 2009 1481 2057 Qui

130 2078 373 2122 Simonides,
395 2089 488 2114 cum
508 2077 559 2115 de
580 2089 641 2122 eo,
665 2075 764 2125 quid
785 2082 823 2113 et
845 2076 984 2124 quales
1005 2075 1262 2113 arbitraretur
1291 2075 1406 2123 deos,
1428 2075 1482 2112 ab

134 2142 313 2181 Hierone
352 2150 522 2192 tyranno
562 2147 830 2190 quaereretur,
872 2139 1002 2189 primo
1049 2139 1329 2178 deliberationi
1371 2139 1478 2177 diem

130 2207 256 2257 petiit,
289 2207 485 2257 postridie
517 2206 686 2244 biduum
720 2204 957 2254 prorogavit,
997 2217 1087 2241 mox
1120 2206 1287 2242 alterum
1321 2210 1477 2242 tantum

129 2273 363 2310 admonitus
397 2270 589 2320 adjunxit.
628 2272 840 2308 Postremo
874 2282 965 2307 cum
1002 2282 1143 2307 causas
1177 2277 1310 2307 tantae
1347 2281 1480 2306 morae

129 2344 320 2386 tyrannus
349 2337 577 2386 inquireret,
599 2335 805 2386 respondit
835 2334 901 2372 ille
934 2335 1087 2383 «quod
1122 2333 1210 2382 sibi,
1241 2343 1392 2384 quanto
1425 2335 1481 2372 in»
