1619 2596
160 65 223 98 20
696 65 957 97 OCTAVIUS.

154 195 284 221 rerum
308 189 488 218 naturam
511 194 743 219 commeans
764 190 801 219 et
824 181 1013 229 interum,
1037 196 1082 221 ex
1103 195 1184 231 quo
1206 183 1326 221 etiam
1354 184 1502 222 anima-

154 246 250 284 lium
290 245 471 284 omnium
512 245 588 282 vita
623 254 822 296 carpatur.
847 248 905 294 (7)
948 248 1228 297 Xenophanen
1270 256 1410 285 notum
1442 256 1501 286 est

154 324 276 349 omne
297 310 496 348 infinitum
532 323 623 348 cum
659 319 791 349 mente
822 312 942 349 deum
971 312 1136 358 tradere,
1160 321 1198 350 et
1232 312 1501 350 Antisthenen

155 377 368 426 populares
399 377 496 413 deos
528 377 686 421 multos,
710 377 781 414 sed
817 377 1035 414 naturalem
1072 389 1195 414 unum
1230 377 1500 427 praecipuum,

155 441 423 491 Speusippum
467 441 543 478 vim
584 440 810 487 animalem,
847 454 926 490 qua
965 441 1100 479 onmia
1139 451 1332 491 regantur,
1371 443 1501 480 Deum

156 519 286 545 nosse.
309 508 368 554 (8)
402 505 546 553 Quid?
584 505 853 551 Democritus,
877 506 1058 555 quamvis
1092 515 1318 544 atomorum
1354 507 1502 557 primus

155 572 349 616 inventor,
373 582 510 608 nonne
535 572 771 620 plerumque
794 578 986 617 naturam,
1011 584 1113 620 quae
1135 571 1327 621 imagines
1350 572 1501 618 fundat,

154 645 194 675 et
215 635 531 684 intellegentiam
564 636 684 673 deum
722 636 930 684 loquitur?
964 636 1123 674 Straton
1159 649 1322 686 quoque
1351 646 1390 675 et
1420 637 1503 687 ipse

155 710 348 740 naturam.
374 699 505 738 Etiam
534 700 730 750 Epicurus
766 701 844 746 ille,
868 700 936 750 qui
973 702 1070 739 deos
1103 711 1171 739 aut
1206 702 1358 740 otiosos
1393 703 1504 752 fingit

154 775 221 805 aut
243 768 388 816 nullos,
414 774 594 805 naturam
617 774 750 803 tamen
773 766 1020 816 superponit.
1041 768 1100 815 (9)
1123 767 1360 805 Aristoteles
1381 767 1504 806 variat

155 840 194 872 et
212 833 397 883 adsignat
418 841 553 870 tamen
575 844 695 869 unam
718 839 957 880 potestatem
978 847 984 869 :
1017 845 1108 869 narn
1131 831 1288 870 interim
1312 841 1500 880 mentem,

156 899 352 937 mundum
374 897 531 935 interim
553 897 674 935 deum
696 896 803 942 dicit,
827 896 985 934 interim
1023 898 1176 935 mundo
1216 898 1338 935 deum
1369 899 1505 948 praefi-

156 963 219 1001 cit.
257 964 559 1013 Theophrastus
597 963 716 999 etiam
757 961 891 1007 variat,
921 962 1019 1000 alias
1056 963 1221 1008 mundo,
1250 962 1345 1000 alias
1379 963 1505 1001 menti

156 1029 317 1068 divinae
349 1029 528 1067 tribuens
549 1027 828 1077 principatum.
855 1027 1091 1065 Heraclides
1122 1027 1312 1066 Ponticus
1342 1041 1506 1078 quoque

158 1095 308 1132 mundo
331 1094 507 1133 divinam
530 1092 908 1142 mentem‚quamvis
930 1093 1505 1141 va1·ie,adseribit.(10)Zenon

158 1167 198 1197 et
237 1159 484 1209 Chrysippus
537 1167 576 1196 et
628 1159 844 1196 Cleanthes
900 1166 992 1195 sunt
1031 1165 1068 1195 et
1117 1157 1190 1207 ipsi
1231 1158 1504 1206 multiformes,

158 1226 232 1263 sed
250 1227 304 1264 ad
325 1225 519 1263 unitatem
541 1223 815 1274 providentiae
836 1236 976 1261 omnes
998 1225 1266 1261 revolvuntur.
1291 1225 1507 1263 Cleanthes

157 1290 265 1328 enim
288 1297 465 1328 mentem
489 1289 610 1327 modo
632 1295 800 1325 naturae
819 1294 933 1336 atque
963 1287 1154 1333 animum,
1180 1289 1303 1326 modo
1332 1290 1504 1334 aethera,

157 1351 394 1406 plerumque
413 1355 609 1393 rationem
644 1355 766 1392 deum
802 1353 968 1391 disserit.
993 1354 1141 1400 Zenon,
1165 1354 1346 1402 ejusdem
1370 1354 1508 1404 magis—

157 1427 226 1467 ter,
247 1421 468 1458 naturalem
486 1421 614 1469 legem
631 1426 752 1468 atque
769 1418 956 1465 divinam,
972 1427 1010 1455 et
1026 1419 1186 1457 aethera
1204 1419 1373 1465 interim,
1392 1420 1507 1458 inter-

155 1488 335 1537 dumque
368 1487 565 1525 rationem
607 1487 688 1523 vult
727 1486 909 1524 omnium
950 1498 1036 1523 esse
1075 1485 1315 1535 principium
1350 1500 1358 1533 ;
1397 1485 1505 1524 idem

156 1552 460 1602 interpretando
499 1553 703 1601 Junonem
738 1554 840 1596 aera,
874 1552 1016 1600 Jovem
1057 1552 1224 1597 caelum,
1267 1552 1505 1601 Neptunum

158 1632 275 1666 mare,
300 1618 434 1669 ignem
456 1631 544 1656 esse
564 1619 792 1655 Vulcanum
814 1624 852 1655 et
874 1625 1026 1655 ceteros
1054 1616 1232 1654 similiter
1267 1617 1371 1666 vulgi
1405 1618 1504 1655 deos

157 1686 356 1723 elementa
395 1697 481 1722 esse
521 1684 784 1721 monstrando
833 1682 1038 1732 publicum
1086 1682 1212 1732 arguit
1261 1682 1429 1731 graviter
1467 1690 1506 1720 et

157 1749 322 1788 revincit
342 1762 526 1788 errorem.
551 1749 589 1799 (1
604 1748 638 1798 1)
663 1748 817 1786 Eadem
838 1749 919 1786 fere
937 1748 1208 1797 Chrysippus:
1230 1747 1308 1784 vim
1329 1747 1506 1785 divinam

157 1815 406 1859 rationalem,
429 1821 611 1852 naturam
632 1821 671 1852 et
692 1813 901 1859 mundum,
926 1813 1085 1851 interim
1106 1821 1145 1850 et
1181 1813 1339 1851 fatalem
1374 1826 1507 1852 neces-

158 1881 316 1919 sitatem
336 1881 457 1919 deum
481 1879 607 1918 credit
627 1880 914 1928 Zenonemque
949 1877 1277 1928 interpretatione
1307 1879 1508 1928 physiolo-

158 1946 242 1997 gica
271 1945 311 1983 in
347 1945 533 1992 Hesiodi,
568 1944 736 1982 Homeri
770 1943 1003 1993 Orpheique
1042 1943 1286 1981 carminibus
1318 1943 1504 1982 imitatur.

159 2012 246 2061 (12)
266 2011 488 2060 Babylonio
522 2010 642 2047 etiam
678 2009 851 2059 Diogeni
879 2008 1093 2058 disciplina
1127 2016 1185 2046 est
1221 2008 1448 2058 exponendi
1469 2016 1508 2047 et

159 2076 380 2115 disserendi
400 2075 510 2125 Jovis
546 2082 703 2125 partum
735 2081 773 2112 et
808 2082 938 2112 ortum
961 2073 1168 2112 Minervae
1198 2082 1236 2111 et
1272 2074 1348 2111 hoc
1381 2086 1507 2123 genus

160 2150 290 2180 cetera
309 2154 439 2180 rerum
461 2140 658 2178 vocabula
688 2152 787 2184 esse,
812 2151 892 2177 non
922 2140 1103 2177 deorum.
1125 2138 1212 2186 (13)
1235 2139 1340 2176 Nam
1373 2139 1508 2177 Socra-

159 2207 262 2245 ticus
283 2207 514 2256 Xenophon
535 2205 703 2243 formam
723 2204 787 2243 dei
810 2203 889 2242 veri
910 2212 1028 2254 negat
1058 2203 1184 2242 videri
1210 2216 1328 2253 posse
1348 2211 1387 2242 et
1414 2203 1508 2242 ideo

160 2273 295 2323 quaeri
326 2285 408 2311 non
443 2279 637 2322 oportere,
661 2271 823 2309 Ariston
854 2271 1012 2309 Stoicus
1042 2271 1319 2320 conprehendi
1339 2270 1507 2308 omnino

161 2352 241 2377 non
264 2351 406 2388 posse:
437 2345 604 2387 uterque
640 2337 889 2386 majestatem
919 2336 994 2374 Dei
1032 2335 1292 2386 intellegendi
1326 2336 1509 2386 despera-
