1619 2596
152 49 208 94 18
683 59 943 92 OCTAvlus.

730 147 738 161 t

143 177 256 215 multi
305 177 450 215 laboris
498 174 649 225 aperire
697 174 888 224 cogitanti
930 173 1095 224 imperia
1133 183 1300 217 terrena.
1340 174 1486 224 quibus

141 243 326 292 exempla
348 242 484 291 utique
504 240 555 278 de
575 240 698 277 caelo.
723 240 782 288 (6)
805 240 980 287 Quando
1013 251 1202 288 uniquam
1234 239 1341 289 regni
1363 239 1487 278 socie—

142 317 202 345 tas
223 316 291 345 aut
312 320 403 345 cum
440 306 519 344 fide
554 305 688 354 coepit
722 312 791 342 aut
821 305 906 342 sine
927 317 1065 343 cruore
1086 304 1301 343 discessit?
1331 305 1487 343 Omitto

146 375 283 411 Persas
322 373 372 410 de
411 383 605 421 equorum
645 369 801 407 hinnitu
845 379 1084 420 augurantes
1124 370 1407 420 principatum,
1449 379 1488 409 et

141 437 430 475 Thebanorum
463 450 543 486 par,
568 444 764 474 mortuam
786 435 974 482 fabulam,
997 444 1166 473 transeo.
1196 436 1262 473 Ob
1283 445 1487 485 pastorum

142 512 181 540 et
201 515 318 540 casae
339 515 503 551 regnum
525 501 577 539 de
610 499 780 550 geminis
803 501 995 539 memoria
1021 501 1229 539 notissima
1249 509 1318 539 est.
1342 502 1487 538 Generi

143 576 182 607 et
203 569 328 606 soceri
351 569 454 606 bella
474 576 558 605 toto
579 567 676 605 orbe
697 567 840 605 diffusa
861 575 964 613 sunt,
988 576 1026 605 et
1062 576 1142 605 tam
1180 568 1312 617 magni
1334 567 1489 616 imperii

143 635 246 672 duos
269 635 424 672 fortuna
447 646 527 671 non
550 631 665 682 cepit.

197 697 258 748 (7)
281 698 383 736 Vide
403 706 533 735 cetera
556 712 562 734 :
596 709 662 735 rex
682 708 785 733 unus
805 695 962 746 apibUS‚
978 697 1059 735 dux
1089 709 1189 734 unus
1223 697 1260 734 in
1293 697 1489 746 gregibuS,

145 764 184 802 in
205 763 394 802 armentis
414 771 543 800 rector
563 775 677 800 unus.
700 762 763 798 Tu
800 761 838 798 in
874 762 985 799 caelo
1019 775 1217 799 summam
1248 770 1489 812 potestatem

145 829 270 867 dividi
291 829 430 866 credas
451 838 489 865 et
523 827 654 865 scindi
686 827 764 864 veri
806 825 909 864 illius
944 839 991 864 ac
1026 827 1148 865 divini
1182 827 1337 877 imperii
1365 836 1489 865 totam

146 896 408 943 majestatem,
432 905 524 931 cum
555 893 686 942 palam
717 891 766 929 sit
797 900 1003 941 parentem
1037 893 1218 930 omniurn
1256 894 1386 931 Deum
1417 905 1492 931 nec

145 959 386 1009 principium
407 959 553 996 habere
574 971 649 996 nec
680 958 905 1005 terminum,
929 957 997 1007 qui
1019 958 1264 997 natiu'tatem
1300 957 1492 996 omnibus

145 1032 328 1073 praestet,
358 1024 432 1062 sibi
464 1023 786 1073 perpetuitatem,
817 1023 884 1072 qui
916 1033 1009 1061 ante
1043 1024 1239 1062 mundum
1269 1023 1384 1062 fuerit
1416 1023 1491 1062 sibi

146 1090 231 1140 ipse
263 1102 334 1140 pro
369 1090 554 1127 mundo:
589 1089 656 1138 qui
692 1088 885 1134 universa,
917 1101 1196 1138 quaecumque
1230 1098 1334 1136 sunt,
1369 1089 1492 1127 verbo

144 1156 268 1206 jubet,
292 1156 444 1194 ratione
465 1156 681 1205 dispensat,
706 1155 850 1193 virtute
872 1164 1138 1193 consummat.

203 1222 264 1271 (8)
288 1222 368 1259 Hic
403 1235 483 1259 non
507 1221 632 1260 videri
661 1228 815 1270 potest:
850 1221 936 1259 visu
958 1221 1098 1259 clarior
1119 1230 1202 1269 est3
1234 1235 1307 1260 nec
1328 1235 1493 1271 conpre-

149 1286 271 1324 hendi
289 1302 296 1323 z
319 1290 423 1322 tactu
434 1286 581 1335 purior
598 1291 655 1322 est
670 1301 684 1328 ,·
714 1297 788 1324 nec
808 1286 1008 1324 aestimari
1027 1301 1034 1323 :
1065 1285 1250 1325 sensibus
1272 1289 1399 1336 major
1418 1295 1491 1332 est,

147 1350 336 1397 infinitus,
360 1351 567 1389 inmensus
599 1359 638 1388 et
672 1350 746 1388 soli
779 1350 855 1389 sibi
890 1360 1036 1397 tantus,
1060 1359 1234 1401 quantus
1264 1362 1335 1396 est,
1358 1360 1488 1390 notus.

150 1416 283 1457 Nobis
305 1429 398 1455 vero
428 1418 479 1454 ad
501 1416 751 1454 intellectum
772 1424 913 1467 pectus
934 1426 1147 1467 angustum
1169 1427 1238 1456 est.
1263 1428 1301 1455 et
1323 1419 1416 1456 ideo
1437 1416 1494 1454 sic

148 1497 241 1524 eum
289 1483 408 1533 digne
455 1482 724 1528 aestimamus,
771 1483 866 1520 dum
917 1483 1253 1522 inaestimabilem
1308 1483 1491 1522 dicimus.

149 1551 208 1600 (9)
231 1551 406 1598 Eloquar
426 1549 770 1598 quemadmodum
793 1548 923 1586 sentio
943 1563 949 1585 :
987 1548 1304 1599 magnitudinem
1333 1549 1404 1587 l)ei
1425 1548 1493 1598 qui

149 1628 191 1654 se
210 1623 323 1666 putat
342 1627 472 1661 nosse,
489 1613 634 1652 minuit
654 1629 661 1651 z
684 1614 752 1663 qui
775 1626 856 1651 non
878 1615 961 1651 vult
982 1614 1171 1660 minuere,
1198 1627 1278 1652 non
1301 1614 1423 1652 novit.

202 1681 289 1730 (10)
321 1681 407 1719 Nec
443 1692 592 1719 nomen
629 1680 718 1718 Deo
753 1692 943 1729 quaeras:
981 1680 1092 1718 Deus
1128 1693 1277 1718 nomen
1313 1688 1384 1718 est.
1406 1679 1495 1718 Illic

147 1746 353 1785 vocabulis
370 1758 470 1795 opus
491 1753 560 1789 est¹
582 1757 675 1782 cum
698 1757 766 1794 per
786 1744 964 1794 singulos
986 1746 1154 1795 propriis
1175 1746 1494 1796 appellationum

147 1811 374 1861 insignibus
413 1810 632 1848 multitudo
667 1808 891 1847 dirimenda
925 1818 1015 1847 est:
1051 1811 1150 1857 Deo,
1173 1811 1242 1860 qui
1276 1812 1386 1849 solus
1420 1819 1492 1855 est,

150 1876 227 1916 Dei
248 1876 488 1914 vocabulum
510 1882 639 1912 totum
655 1882 725 1912 est.
751 1874 883 1922 Quem
905 1874 936 1912 si
952 1883 1105 1924 patrem
1127 1875 1275 1922 dixero,
1291 1876 1491 1914 carnalem

148 1942 347 1993 opineris;
377 1940 408 1978 si
431 1953 574 1990 regem.
598 1948 798 1978 terrenum
820 1940 1060 1989 suspiceris3
1086 1941 1116 1979 si
1137 1941 1360 1987 dominum,
1383 1940 1496 1978 intel-

148 2011 254 2058 leges
290 2007 427 2056 utique
463 2006 680 2043 mortalem.
724 2005 846 2043 Aufer
884 2005 1163 2045 additamenta
1212 2006 1424 2044 nominum
1456 2015 1495 2044 et

149 2074 367 2126 perspicies
388 2075 472 2122 ejus
494 2071 725 2110 claritatem.

203 2142 288 2185 (11)
317 2139 427 2188 Quid
467 2138 578 2188 quod
617 2138 798 2176 omnium
839 2139 889 2177 de
928 2138 1005 2177 isto
1045 2138 1177 2177 habeo
1217 2151 1457 2177 consensum
1479 2139 1498 2175 ?

148 2205 283 2245 Audio
304 2207 470 2256 vulgus:
501 2216 592 2241 cum
613 2203 664 2240 ad
699 2205 854 2241 caelum
879 2217 1020 2242 manus
1051 2206 1235 2250 tendunt,
1259 2204 1355 2242 nihil
1386 2203 1494 2240 aliud

149 2283 268 2321 quarn
293 2280 313 2309 «
338 2271 471 2308 Deum
495 2280 514 2307 »
542 2268 682 2306 dicunt
712 2277 750 2306 et
783 2278 804 2308 (ι
830 2269 938 2307 Deus
961 2282 1128 2319 magnus
1149 2278 1208 2308 est
1231 2278 1252 2308 ))
1279 2278 1318 2307 et
1339 2278 1358 2307 «
1386 2270 1496 2306 Deus

149 2348 263 2374 verus
284 2345 342 2373 est
365 2345 384 2375 »
403 2343 441 2373 et
465 2344 484 2374 4(
507 2335 537 2372 si
562 2336 672 2374 Deus
693 2334 846 2373 dederit
870 2345 903 2373 )).
921 2335 1037 2384 Vulgi
1060 2335 1134 2373 iste
1155 2334 1344 2373 naturalis
1364 2346 1496 2372 sermo
