1619 2596
549 82 830 113 CHAPITRES
869 81 1068 112 XIX-XX.
1426 81 1449 110 2
1466 81 1481 110 Ι

140 193 251 232 tione
271 200 481 231 senserunt
517 191 604 241 (14)
623 192 779 229 Platoni
814 192 986 241 apertior
1008 192 1058 229 de
1093 192 1170 228 deo
1192 199 1229 228 et
1251 191 1370 228 rebus
1391 190 1491 240 ipsis

142 266 182 296 et
201 257 433 295 nominibus
453 257 579 294 oratio
599 265 659 294 est
680 264 718 294 et
740 269 842 305 quae
863 263 947 293 tota
970 264 1073 294 esset
1095 255 1290 300 caelestis,
1310 255 1384 292 nisi
1407 267 1492 304 per-

143 323 340 362 suasionis
371 323 495 361 civilis
526 335 818 371 nonnunquam
839 322 1085 360 admixtione
1123 322 1380 360 sordesceret.
1410 323 1493 358 Pla-

143 389 229 427 toni
258 388 395 437 itaque
429 387 469 425 in
504 387 672 425 Timaeo
707 389 805 425 deus
838 395 895 425 est
932 387 1019 436 ipso
1055 400 1126 424 suo
1157 386 1322 424 nomine
1350 386 1492 424 mundi

142 466 297 505 parens,
314 454 453 492 artifex
473 452 639 498 animae,
664 452 895 490 caelestium
917 460 1245 500 terrenorumque
1267 451 1491 497 fabricator,

143 532 264 569 quem
286 526 324 557 et
344 518 521 556 invenire
540 518 700 556 difficile
717 530 809 567 prae
831 517 952 554 nimia
974 525 1011 555 et
1032 515 1257 554 incredibili
1279 524 1491 565 potestate,

144 591 296 622 etcum
328 583 536 628 inveneris,
560 583 598 620 in
636 582 839 631 publicum
863 582 994 619 dicere
1025 581 1259 631 inpossibile
1280 583 1491 631 praefatur.

205 660 263 697 15.
290 649 441 686 Eadem
469 649 549 686 fere
576 655 614 685 et
636 647 721 691 ista,
745 660 847 695 quae
878 656 1010 684 nostra
1032 654 1123 684 sunt
1149 662 1155 683 :
1186 659 1276 683 nam
1300 654 1338 684 et
1361 648 1495 685 Deum

147 715 331 751 novimus
352 722 390 751 et
410 721 615 763 parentem
637 713 818 750 omnium
840 713 1011 750 dicimus
1034 721 1071 750 et
1093 726 1313 762 numquam
1332 712 1496 762 publice

147 779 223 817 nisi
245 779 471 828 interrogati
494 778 781 828 praedicamus.

202 846 289 882 XX.
325 844 500 893 Exposui
533 843 743 892 opiniones
778 843 959 880 omnium
991 844 1112 881 ferme
1146 843 1495 893 philosophorum,

148 909 294 959 quibus
327 909 528 946 inlustrior
557 909 679 958 gloria
715 916 785 954 est,
824 910 953 946 Deum
988 922 1111 945 unum
1148 908 1281 945 multis
1311 908 1405 946 licet
1434 908 1499 945 de-

148 975 325 1024 signasse
362 973 607 1018 nominibus‚
642 982 683 1011 ut
719 974 847 1023 quivis
882 974 1100 1019 arbitretur,
1137 982 1204 1011 aut
1245 986 1352 1011 nunc
1387 972 1500 1012 Chri—

148 1038 299 1077 stianos
330 1039 592 1088 philosophos
628 1051 713 1076 esse
746 1046 810 1075 aut
844 1038 1106 1088 philosophos
1140 1038 1260 1076 fuisse
1294 1040 1371 1088 jam
1402 1045 1499 1075 tunc

149 1104 411 1144 Christianos.

201 1174 260 1224 (2)
285 1174 407 1222 Quod
430 1172 461 1210 si
479 1172 729 1222 providentia
752 1172 927 1208 mundus
946 1170 1091 1219 regitur
1107 1177 1144 1207 et
1162 1169 1280 1207 unius
1301 1168 1375 1206 Dei
1394 1174 1506 1221 nutut

145 1238 398 1288 gubernatur,
422 1250 504 1275 non
533 1250 606 1274 nos
639 1237 759 1274 debet
794 1235 1010 1284 antiquitas
1045 1234 1306 1283 inperitorum
1340 1232 1496 1270 fabellis

147 1303 228 1342 suis
248 1304 447 1342 delectata
461 1304 524 1341 vel
540 1310 657 1352 capta
674 1303 725 1339 ad
747 1314 918 1339 errorem
942 1299 1067 1337 mutui
1096 1313 1231 1349 rapere
1260 1310 1494 1343 consenSUS‚

148 1383 240 1407 cum
262 1369 594 1419 pbilosophorum
625 1381 787 1406 suorum
813 1366 1024 1405 sententiis
1054 1367 1265 1412 refellatur,
1290 1364 1438 1414 quibus
1460 1371 1499 1401 et

149 1435 312 1474 rationis
333 1444 371 1473 et
393 1433 603 1473 vetustatis
632 1433 787 1472 adsistit
808 1432 1034 1470 auctoritas.
1059 1431 1119 1481 (3)
1142 1431 1366 1480 Majoribus
1387 1429 1497 1466 enim

149 1499 295 1538 nostris
317 1508 398 1538 tam
433 1498 560 1537 facilis
594 1498 634 1536 in
667 1498 888 1536 mendaciis
911 1498 1011 1534 fides
1032 1497 1116 1543 fuit,
1140 1505 1182 1534 ut
1203 1504 1352 1534 temere
1375 1494 1500 1533 credi-

150 1566 282 1604 derint
331 1565 452 1603 etiam
491 1565 568 1602 alia
606 1572 872 1609 monstruosa,
915 1576 1017 1600 mera
1057 1563 1277 1600 miracula:
1322 1562 1498 1610 Scyllam

151 1631 426 1681 multiplicem,
451 1629 705 1669 Chimaeram
729 1628 1015 1666 multiformem
1043 1636 1081 1665 et
1111 1628 1291 1677 Hydram
1315 1626 1499 1665 felicibus

150 1694 381 1733 vulneribus
403 1702 680 1733 renascentem
703 1702 741 1732 et
769 1694 993 1733 Centauros
1014 1705 1138 1741 equos
1160 1692 1242 1730 suis
1264 1690 1500 1730 hominibus

150 1759 344 1810 inplexos,
375 1767 414 1797 et
435 1758 629 1808 quicquid
651 1760 778 1797 famae
809 1758 899 1796 licet
932 1759 1090 1807 fingere,
1114 1758 1189 1795 illis
1219 1766 1301 1795 erat
1328 1757 1500 1795 libenter

149 1825 298 1863 audire.
322 1823 382 1874 (4)
414 1824 524 1873 Quid
544 1824 632 1862 illas
652 1823 776 1861 aniles
808 1823 975 1869 fabulas,
999 1823 1049 1860 de
1078 1822 1310 1860 hominibus
1341 1834 1432 1859 aves
1463 1828 1502 1858 et

153 1891 253 1928 feras
273 1898 310 1928 et
331 1891 382 1928 de
403 1888 633 1927 hominibus
662 1889 823 1926 arbores
853 1896 972 1937 atque
1003 1889 1148 1926 flores?
1179 1901 1280 1937 quae
1309 1887 1338 1924 si
1369 1892 1502 1925 essent

151 1957 265 2001 facta,
288 1956 452 1993 fierent:
483 1954 577 2004 quia
606 1956 687 1992 fieri
717 1967 797 1992 non
829 1961 1009 2003 possunt,
1033 1953 1126 1991 ideo
1160 1967 1234 1991 nec
1265 1955 1368 1991 facta
1398 1959 1501 1990 sunt.

154 2020 214 2070 (5)
236 2020 420 2059 Similiter
439 2026 673 2058 erraverunt
707 2033 798 2069 erga
828 2020 925 2057 deos
956 2031 1118 2068 quoque
1153 2021 1322 2067 majores
1352 2016 1504 2055 nostri:

152 2085 362 2136 inprovidi,
385 2085 534 2123 creduli
565 2084 652 2122 rudi
678 2083 933 2134 simplicitate
963 2083 1228 2122 crediderunt.
1256 2085 1362 2120 Dum
1394 2095 1504 2132 reges

152 2164 245 2189 suos
271 2152 410 2189 colunt
434 2149 628 2200 religiose,
651 2151 747 2188 dum
779 2150 992 2187 defunctos
1010 2162 1078 2186 eos
1099 2148 1329 2187 desiderant
1347 2148 1385 2185 in
1410 2146 1504 2185 ima—

152 2216 311 2266 ginibus
345 2215 490 2262 videre,
524 2217 619 2253 dum
655 2215 829 2265 gestiunt
864 2227 1001 2252 eorum
1039 2214 1251 2252 memorias
1286 2214 1326 2250 in
1362 2212 1503 2250 statuis

153 2281 345 2327 detinere,
378 2293 490 2318 sacra
518 2281 624 2318 facta
654 2287 745 2317 sunt
775 2292 878 2329 quae
908 2280 1061 2316 fuerant
1090 2280 1305 2328 adsumpta
1341 2276 1498 2316 solacia

154 2344 216 2396 (6)
247 2345 444 2395 Denique,
466 2352 505 2384 et
524 2353 739 2394 antequam
761 2344 1012 2382 commerciis
1035 2343 1142 2382 orbis
1164 2352 1317 2395 pateret
1337 2350 1376 2382 et
1396 2350 1490 2382 ante

480 2464 488 2483 i
