1619 2596
180 71 196 102 1
211 71 272 103 20
644 71 1038 104 COMMENTAIRE.

173 180 278 222 prend
303 180 388 211 dans
415 180 445 211 le
471 186 542 210 mot
566 178 700 221 general
727 191 824 221 regcs,
843 190 974 212 comme
990 191 1031 212 au
1048 180 1098 212 ch.
1122 181 1175 218 26,
1196 189 1214 211 2
1234 182 1466 223 :principibus
1481 187 1512 213 et

171 230 308 270 regibus.
335 247 371 252 —
400 227 486 260 Non
513 227 561 260 ad
586 227 697 261 fidem
728 227 886 261 numinis
907 242 936 255 =
956 231 1003 260 ad
1018 230 1116 268 fidem
1143 231 1298 260 numinis
1315 230 1510 272 faciendam

170 286 188 310 ((
207 288 291 319 pour
306 277 388 309 faire
404 277 508 308 croire
526 277 545 309 ὲ,
562 278 633 309 leur
650 277 791 310 divinite
808 286 841 314 )>;
869 288 923 310 sur
939 279 991 315 ad,
1011 289 1084 319 voy.
1105 288 1137 316 4,
1158 287 1186 319 5.
1208 279 1258 310 Cf.
1281 279 1366 316 Cic.,
1390 281 1507 318 Acad„

169 336 200 365 2,
223 335 263 366 19
283 339 290 358 :
307 328 386 357 dum
413 331 558 368 aspectus
586 328 651 368 ipse
671 327 890 368 fidemsacz'al
913 328 1128 368 υτι(ι”]“ιιαίἰ·ιί’;
1157 327 1209 359 De
1235 327 1304 368 qff,
1331 336 1363 365 2,
1383 337 1450 369 34:
1469 330 1516 360 ad

171 377 352 407 faciendam
357 376 464 417 fidem
481 376 622 406 virium.
640 394 679 398 —
697 374 758 408 Ad
780 374 999 408 honorem...
1018 374 1220 417 potestatis
1240 391 1268 404 =
1289 377 1336 407 ad
1347 377 1510 409 honoran—

169 426 244 455 dam
261 436 372 456 eorum
385 429 574 465 potestatem.
593 431 611 456 <
629 425 712 456 mais
739 425 1075 466 seulementpour...
1097 433 1126 457 )>.
1146 425 1230 466 Voy.
1251 435 1282 464 4,
1305 432 1333 465 5.
1352 442 1395 447 -
1420 426 1507 465 Cic.,

169 475 235 504 Pro
250 474 346 511 Mil„
367 481 420 513 29,
440 472 482 504 80
502 485 509 504 ι
542 474 660 504 Graeci
683 474 830 504 hanzines
854 475 985 505 deorum
1013 475 1146 504 honores
1171 475 1327 505 tribuunt
1356 476 1400 506 iis
1423 477 1510 507 viris

167 524 230 564 qui
243 527 404 563 tyrannos
419 528 659 553 necaverunt...
681 523 783 563 l’rope
799 523 845 553 ad
865 524 1131 553 immortalitatis
1146 528 1176 553 et
1192 524 1381 563 relzgionem
1398 529 1428 555 et
1444 535 1507 555 me·

167 573 308 602 moriam
325 576 564 603 consecrantur.
584 590 626 594 —
646 569 844 603 Emeritae.
860 572 1033 603 Emerz'lus
1050 571 1271 613 (suffiendz‘a),
1290 572 1399 604 soldat
1417 573 1474 615 qui
1489 584 1510 604 a

167 620 224 652 fini
240 631 299 652 son
317 620 454 658 service,
472 619 607 652 veteran
623 633 631 658 3
649 620 690 651 de
708 619 739 651 1:31
760 633 766 651 :
787 628 804 652 ((
820 621 878 662 qui
894 631 914 651 a
930 620 988 652 fait
1003 631 1064 652 son
1082 628 1201 662 temps,
1223 621 1318 662 passe
1336 629 1364 654 ».

208 717 259 751 10.
291 716 421 750 Invitis
447 716 506 749 his
533 716 696 759 denique.
727 718 806 756 His,
833 728 908 749 sens
933 718 1059 749 afsaibli
1086 729 1168 759 pour
1197 719 1239 749 iis
1252 729 1266 756 ;
1293 719 1333 750 cf.
1354 718 1386 757 8,
1406 728 1436 751 2.
1462 738 1503 743 —-

163 767 329 807 Demque,
351 766 481 808 «apres
498 773 570 798 tout
588 774 615 798 )>.
635 783 674 788 -
697 766 739 798 In
764 765 923 804 homine,
951 768 980 798 le
1006 774 1139 798 concret
1167 778 1249 809 pour
1276 767 1437 800 l'abstrait
1453 770 1500 806 (=

167 817 205 846 in
229 817 414 847 condicione
438 816 603 854 bumana)
614 826 628 853 ;
651 816 692 848 cf.
713 824 766 856 23,
787 823 816 855 7.
834 835 875 839 —
904 815 1090 855 Metuant,
1109 827 1189 848 avec
1207 816 1371 848 l’infinitif
1382 828 1423 848 au
1440 817 1505 848 lieu

162 864 205 896 de
221 876 271 896 ne.
293 865 342 896 Ils
364 865 537 906 craignent
554 865 597 896 de
614 865 754 896 devenir
766 865 878 903 dieux,
897 876 994 907 parce
1011 865 1111 907 qu'ils
1124 866 1261 897 doivent
1285 866 1409 897 mourir
1425 877 1509 908 pour

164 913 234 946 &tre
250 913 375 946 deifies.
395 915 593 956 Vespasien,
612 925 647 946 se
663 920 796 946 sentam
813 915 947 952 mourir,
969 913 1086 945 e’csscria
1102 927 1108 945 :
1130 921 1147 945 «
1167 915 1273 946 Helas
1290 916 1344 957 !je
1361 926 1413 947 me
1430 926 1508 948 sens

165 962 303 995 devenir
319 963 396 995 dieu
414 972 443 996 )>.
474 964 547 1002 Vae,
560 968 656 1004 puto,
674 964 752 995 deus
763 964 809 1002 fio
825 964 948 1002 (Suet.‚
968 965 1070 1004 l'mp..
1092 966 1160 1004 23).
1179 964 1336 1002 Tertull.,
1348 966 1407 995 Ad
1418 970 1504 1002 nat„

166 1020 194 1050 1,
217 1019 253 1051 17
274 1024 281 1043 :
302 1013 441 1044 Mavult
455 1014 544 1043 enim
561 1013 671 1043 vivere
687 1023 788 1053 quam
805 1013 982 1053 deusfierz'.
998 1029 1039 1033 —
1059 1010 1140 1044 Etsi
1152 1012 1229 1054 jam
1245 1022 1355 1046 senes
1368 1012 1503 1055 (sunt),

163 1060 292 1093 nolunt
309 1060 408 1104 (fieri
421 1072 452 1092 se
468 1060 570 1101 deos).

207 1159 261 1194 11.
281 1159 362 1192 Nec
378 1158 423 1192 de
440 1157 594 1191 mortuis
611 1156 671 1197 dii,
689 1170 730 1191 sc.
738 1160 832 1201 fizcti
845 1165 924 1190 sunl
941 1170 981 1190 ou
999 1161 1067 1189 orte·
1080 1165 1160 1190 sunt
1179 1166 1195 1190 4(
1213 1160 1247 1191 ni
1262 1160 1377 1202 quand
1391 1170 1436 1191 on
1453 1166 1503 1192 est

166 1215 263 1247 mort,
282 1209 317 1240 ni
333 1208 446 1250 quand
464 1219 506 1239 on
524 1213 574 1239 est
590 1206 632 1239 ne
650 1215 678 1240 )>.
709 1207 794 1245 Cic.,
821 1209 873 1239 De
886 1219 919 1239 n.
940 1209 986 1247 d.,
1009 1216 1037 1246 1,
1056 1207 1098 1239 68
1117 1220 1123 1239 :
1142 1210 1174 1239 sz'
1187 1214 1279 1239 ortus
1293 1215 1340 1240 est
1355 1210 1501 1247 deorum,

163 1258 321 1289 interitus
341 1259 386 1288 sit
407 1268 526 1288 necesse
547 1262 602 1287 est.
627 1275 668 1280 —
696 1255 886 1298 Hodieque
915 1265 932 1288 «
948 1256 1158 1297 aujourd’hui
1185 1268 1305 1289 encore
1323 1266 1354 1296 )>,
1381 1264 1430 1290 est
1458 1268 1502 1288 un

158 1306 304 1338 adverbe
321 1306 590 1348 post-classique,
610 1317 691 1347 pour
707 1307 798 1337 lzode'e
815 1316 856 1336 ou
872 1307 970 1336 etiam
989 1306 1079 1337 lzoaelie
1092 1306 1193 1343 &Cic.,
1213 1307 1264 1337 Dc
1280 1311 1373 1345 orat„
1393 1314 1504 1347 1‚235;

159 1363 190 1394 2,
210 1357 277 1397 95),
297 1357 388 1387 hodie
414 1366 540 1396 quoque
568 1355 648 1392 (Pro
676 1356 766 1386 lr‘osc.
797 1357 890 1392 Am„
915 1354 982 1393 80).
1005 1354 1056 1386 Cf.
1082 1355 1157 1385 Vita
1180 1357 1258 1396 lm'g.
1284 1361 1365 1396 lyra,
1384 1364 1437 1396 31,
1457 1364 1500 1386 2:

162 1405 190 1436 C
193 1406 249 1436 usi
269 1410 350 1436 sunt
371 1406 443 1446 ejus
465 1405 602 1435 nummi
615 1405 712 1442 aerei,
732 1405 830 1434 aurei
843 1409 873 1434 cl
888 1405 1045 1444 ungenta}
1063 1415 1203 1444 qnorum
1222 1405 1374 1446 hodieque
1392 1405 1505 1445 fhrma

158 1459 249 1485 extat
264 1455 357 1495 apud
375 1454 537 1484 Treviros.

202 1502 285 1535 Nisi
308 1502 414 1540 forte,
433 1502 474 1534 cf.
499 1502 548 1540 18,
569 1510 597 1542 5.
617 1520 660 1525 —
684 1499 826 1534 Senuit.
851 1501 942 1542 Juv.‚
962 1501 992 1539 6,
1014 1510 1055 1541 59
1075 1514 1081 1532 :
1107 1503 1195 1533 Adeo
1216 1508 1399 1534 senuerunt
1411 1504 1501 1545 Jup—

149 1554 242 1594 piler
262 1557 293 1583 et
314 1553 413 1583 fllars
426 1552 441 1583 ἑ)
460 1552 570 1589 Lact.‚
595 1552 679 1582 Dz'v.
699 1552 800 1589 lust„
827 1551 876 1589 16,
899 1559 948 1587 10,
972 1551 1037 1582 cite
1057 1550 1225 1593 seneque,
1250 1552 1307 1593 qui
1323 1552 1412 1584 avait
1428 1553 1500 1584 dit:

165 1602 287 1634 Utrum
311 1602 548 1642 sexagenarius
557 1600 674 1642 sactus
697 1605 743 1631 est
759 1599 954 1641 (juppiter)
968 1600 984 1630 3
999 1616 1040 1620 —
1057 1599 1116 1631 An
1139 1598 1223 1632 ideo
1246 1600 1409 1633 cessavit
1425 1609 1443 1634 ((
1459 1612 1502 1633 ou

156 1650 276 1693 plutsst,
295 1656 396 1682 est—ce
412 1661 476 1692 que
494 1658 522 1682 )>.
547 1650 596 1680 La
616 1647 757 1691 reponse
779 1656 828 1680 est
847 1648 1052 1680 affirmative.
1077 1650 1242 1688 Gramm„
1261 1658 1337 1687 212,
1358 1652 1397 1690 E,
1416 1662 1496 1682 rem.

158 1709 186 1732 Ι.
205 1701 320 1731 Ideo...
338 1701 496 1740 quoniam
514 1699 682 1740 remplace
700 1699 807 1730 ideo...
826 1699 994 1739 quod(25‚
1014 1698 1056 1735 63
1074 1699 1127 1736 26,
1147 1700 1192 1737 2).
1206 1715 1248 1720 —
1267 1698 1498 1741 Hujusmodi.

156 1751 207 1782 M.
227 1749 264 1780 F.
284 1748 372 1780 aime
389 1759 426 1780 ce
441 1747 565 1789 genitif
577 1748 620 1779 de
636 1746 760 1789 qualite
777 1748 833 1789 qui
851 1747 1005 1788 &quivaut
1023 1746 1042 1778 ὲ
1057 1748 1160 1780 talis:
1182 1748 1205 1778 il
1229 1748 1315 1780 aime
1337 1756 1465 1781 surtout
1481 1749 1500 1782 ὲ.

156 1798 226 1830 dire
242 1799 319 1829 haec
333 1802 364 1828 et
379 1798 572 1835 hujusmodi
586 1796 641 1835 (cf.
663 1806 715 1836 24,
737 1796 757 1828 8
774 1807 782 1833 ;
800 1796 849 1833 28,
869 1797 889 1827 6
905 1807 913 1833 3
931 1804 983 1835 29,
1007 1797 1046 1834 1).

199 1899 249 1934 12.
278 1897 361 1932 Si...
389 1900 600 1941 possent,...
629 1908 702 1931 non
729 1900 891 1940 possent.
923 1898 987 1929 Ces
1015 1897 1102 1929 deux
1127 1897 1355 1939 propositions
1369 1901 1425 1941 qui
1442 1899 1498 1932 de-

155 1950 303 1991 pendent
329 1949 372 1981 de
399 1950 440 1986 si,
471 1948 558 1980 l’une
589 1948 740 1990 positive,
768 1948 882 1979 l’autre
914 1947 1076 1989 negative,
1107 1958 1186 1979 avec
1214 1948 1243 1979 le
1268 1948 1375 1981 meme
1401 1951 1499 1982 verbe

154 1998 334 2040 (possent),
353 2004 429 2030 sont
445 1997 609 2040 opposees
626 1997 716 2029 l'une
741 1997 760 2029 ὲ
784 1997 900 2029 l’autre
917 2010 924 2028 z
944 1997 1001 2028 «si
1026 1997 1073 2027 les
1096 1996 1196 2028 dieux
1220 1999 1399 2038 pouvaient
1423 2010 1498 2041 pro-

153 2048 243 2081 creet
266 2059 345 2080 sans
369 2048 507 2089 pouvoir
531 2048 654 2079 mourir
668 2055 685 2080 »
712 2047 751 2079 cs.
776 2055 825 2084 12,
844 2057 883 2085 4;
901 2054 953 2086 32,
972 2056 1010 2085 4;
1029 2053 1082 2086 37,
1098 2054 1116 2076 2
1135 2053 1166 2077 et
1184 2054 1213 2086 3.
1233 2065 1275 2069 —
1299 2046 1448 2087 Creare,
1467 2051 1498 2082 le

151 2098 252 2130 verbe
268 2098 388 2138 simple
405 2107 488 2138 pour
497 2102 679 2137 procreare,
701 2097 886 2137 (gaigrncrc).
908 2095 1109 2136 Cependant
1133 2094 1202 2127 Cic.
1223 2095 1293 2126 dit:
1311 2099 1430 2137 patria
1452 2104 1498 2130 est

153 2148 328 2188 antiquior
342 2152 468 2188 parens
486 2157 586 2186 quam
605 2147 634 2176 is
649 2147 712 2186 qui
724 2146 847 2176 creavit
865 2144 930 2182 (Dc
956 2150 1036 2185 rep..
1061 2152 1088 2181 1,
1107 2143 1146 2175 cf.
1169 2145 1203 2183 2)
1220 2155 1229 2181 ;
1246 2146 1332 2176 artis
1352 2149 1498 2180 maxime

146 2196 324 2237 proprium
348 2199 394 2225 est
417 2205 524 2225 creare
548 2199 578 2225 et
595 2195 731 2235 gignere
757 2194 821 2232 (De
847 2205 879 2224 n.
905 2194 950 2230 ak,
978 2202 1007 2231 2,
1037 2190 1101 2233 57).
1132 2192 1274 2231 Phedre,
1301 2202 1328 2233 Ι,
1349 2195 1380 2233 6,
1399 2204 1441 2236 9:
1467 2199 1500 2228 si

153 2245 274 2276 crearit
290 2244 413 2274 liberos.

196 2291 311 2325 Totis
335 2297 384 2324 est
410 2291 473 2323 mis
498 2302 580 2333 pour
601 2292 764 2329 omnibus,
789 2298 899 2322 «tous
927 2291 976 2322 les
1001 2290 1154 2321 hommes
1179 2288 1338 2330 tennis»,
1369 2295 1494 2335 emploi

155 2341 411 2384 post-classique
428 2340 470 2373 de
487 2340 651 2382 l'adjectif
663 2345 756 2372 lotus.
773 2358 811 2364 μ
827 2338 997 2378 Gestare,
1014 2349 1097 2380 pour
1109 2349 1230 2379 gerere.
1252 2339 1316 2372 Les
1332 2339 1494 2377 e'crivains
