1619 2596
478 100 758 131 CHAPITRES
797 100 1092 131 XXX-XXXII.
1400 101 1465 146 35

117 222 192 248 nec
213 208 252 247 in
273 208 427 258 angulis
457 207 610 259 garruli,
635 206 665 244 si
687 207 823 245 audire
853 222 924 246 nos
958 207 1121 258 publice
1142 216 1208 245 aut
1229 208 1464 247 erubescitis

115 281 185 312 aut
205 273 367 312 timetis.

171 338 231 388 (7)
272 340 322 376 Et
357 339 467 387 quod
507 338 546 375 in
585 338 669 376 dies
699 337 823 375 nostri
860 350 1047 375 numerus
1079 344 1254 387 augetur,
1293 351 1374 376 non
1405 345 1465 376 est

114 404 266 442 crimen
283 404 433 449 erroris,
449 404 519 441 sed
534 403 811 441 testimonium
829 404 977 449 laudis;
999 402 1145 440 namin
1163 404 1302 452 pulcro
1319 416 1469 452 genere·

114 469 276 508 vivendi
297 476 336 508 et
367 476 591 518 perseverat
621 482 716 506 suus
741 476 779 506 et
801 468 994 520 adcrescit
1026 468 1190 506 alienus.
1223 469 1282 518 (8)
1304 469 1369 506 Sic
1389 481 1464 507 nos

114 534 289 584 denique
310 547 390 572 non
413 535 602 572 notaculo
632 533 822 582 corporis,
852 541 892 571 ut
914 533 1073 583 putatis,
1106 535 1177 571 sed
1208 534 1465 572 innocentiae

114 613 161 638 ae
182 600 404 638 modestiae
426 600 540 649 signo
562 600 677 637 facile
708 599 955 636 dinoscimus
976 615 982 636 :
1011 599 1065 636 sic
1091 612 1157 636 nos
1178 608 1330 646 mutuo,
1353 600 1464 649 quod

115 665 272 712 doletis,
295 678 429 702 amore
450 664 665 714 diligimus,
698 664 888 713 quoniam
915 663 1049 702 odisse
1072 677 1150 701 non
1174 664 1358 702 novimus
1379 679 1386 702 :
1408 663 1464 701 sic

116 742 200 776 nos,
222 730 333 778 quod
353 728 553 776 invidetis,
584 730 720 767 fratres
742 742 945 775 vocamuS‚
969 736 1011 766 ut
1041 729 1160 766 unius
1194 729 1267 767 Dei
1290 729 1467 779 parentis

115 795 312 840 homines,
347 802 389 832 ut
410 802 615 833 consortes
652 794 755 840 fidei,
789 801 830 832 ut
860 794 946 843 spei
979 795 1210 832 coheredes.
1234 796 1319 832 Vos
1355 794 1463 833 enim

116 873 191 898 nec
225 859 395 898 invicem
429 859 673 909 adgnoscitis
715 868 753 896 et
788 859 826 896 in
867 866 1007 896 mutua
1041 860 1135 897 odia
1175 859 1344 906 saevitis,
1390 873 1465 898 nec

116 926 252 963 fratres
272 938 342 963 vos
364 925 436 963 nisi
459 938 554 964 sane
574 926 625 963 ad
648 925 902 974 parricidium
924 924 1222 973 recognoscitis.

169 991 346 1028 XXXII.
385 990 538 1028 Putatis
568 997 700 1028 autem
734 1003 808 1027 nos
838 991 1039 1027 occultare
1073 990 1183 1038 qnod
1219 989 1399 1032 colimus.
1432 989 1463 1027 si

115 1056 281 1093 delubra
301 1062 339 1093 et
359 1069 444 1092 aras
466 1069 546 1093 non
569 1056 791 1093 habemus?
819 1056 940 1103 Quod
963 1054 1070 1092 enim
1094 1054 1350 1093 simulacrum
1375 1057 1465 1092 Deo

117 1120 275 1170 fingam,
310 1133 412 1167 cum,
437 1120 595 1159 sirecte
624 1120 836 1167 existimes,
859 1120 907 1158 sit
942 1119 1017 1158 Dei
1041 1121 1163 1157 horno
1195 1121 1280 1170 ipse
1306 1120 1465 1158 simula—

116 1186 257 1222 crum?
286 1187 502 1234 Templum
533 1187 642 1235 quod
664 1186 698 1223 ei
730 1194 919 1231 emmam,
952 1199 1042 1222 cnm
1074 1193 1181 1222 totus
1202 1186 1266 1223 hic
1288 1186 1465 1223 mundus

114 1251 200 1299 ejus
221 1263 341 1301 opere
362 1251 576 1289 fabricatus
598 1264 688 1288 eum
710 1264 852 1300 capere
874 1264 953 1288 non
976 1250 1129 1300 possit?
1156 1252 1205 1288 Et
1227 1264 1318 1288 cum
1341 1252 1464 1288 homo

114 1314 231 1353 latius
253 1328 447 1362 maneam,
472 1316 572 1353 intra
592 1329 713 1353 unam
743 1315 965 1353 aediculam
988 1315 1065 1352 vim
1090 1324 1224 1353 tantae
1247 1314 1465 1364 majestatis

114 1380 321 1419 includam
343 1382 358 1418 ?
397 1381 457 1431 (2)
497 1382 646 1419 Nonne
686 1381 828 1419 melius
864 1380 901 1418 in
939 1389 1075 1418 nostra
1114 1382 1367 1419 dedicandus
1406 1388 1466 1418 est

116 1447 279 1484 mente?
308 1445 348 1483 in
371 1455 507 1485 nostro
528 1446 652 1484 immo
673 1447 973 1484 consecrandus
995 1454 1053 1484 est
1076 1447 1267 1496 pectore?
1300 1445 1465 1484 Hostias

116 1519 155 1550 et
183 1511 363 1550 victimas
402 1513 489 1549 Deo
524 1513 697 1558 offeram,
733 1525 831 1561 quas
866 1512 905 1548 in
945 1525 1061 1549 usum
1096 1511 1172 1549 mei
1213 1511 1388 1561 protulit,
1422 1519 1465 1548 ut

117 1576 276 1615 reiciam
312 1577 346 1615 ei
381 1590 495 1615 suum
537 1579 714 1615 munus?
750 1579 953 1626 Ingratum
990 1586 1060 1615 est.
1093 1589 1183 1614 curn
1220 1576 1268 1614 sit
1302 1576 1464 1614 litabilis

118 1642 249 1680 hostia
274 1643 404 1680 bonus
438 1643 594 1680 animus
629 1649 667 1680 et
706 1656 803 1692 pura
843 1655 955 1680 mens
993 1651 1030 1680 et
1062 1641 1217 1680 sincera
1252 1641 1461 1680 sententia.

118 1707 177 1759 (3)
192 1707 317 1758 Igitur
331 1708 400 1758 qui
416 1708 687 1746 innocentiam
704 1709 808 1755 colit,
829 1710 916 1746 Deo
934 1708 1151 1758 supplicat3
1166 1708 1234 1758 qui
1254 1708 1461 1756 justitiam,

119 1774 211 1812 Deo
248 1773 356 1820 libat,
396 1773 464 1823 qui
501 1773 706 1811 fraudibus
752 1773 935 1819 abstinet,
981 1773 1169 1823 propitiat
1210 1775 1354 1819 Deum,
1396 1773 1464 1822 qui

119 1839 324 1877 hominem
345 1839 525 1889 periculo
544 1839 722 1888 subripit,
747 1839 940 1888 optimam
963 1838 1162 1876 victimam
1186 1838 1327 1876 caedit.
1348 1840 1463 1875 Haec

118 1912 253 1942 nostra
268 1904 470 1951 sacrificia,
487 1906 584 1942 haec
598 1904 677 1942 Dei
695 1917 803 1942 sacra
820 1912 911 1941 sunt
928 1919 935 1941 ;
958 1903 1013 1942 sic
1029 1905 1137 1952 apud
1156 1917 1229 1941 nos
1246 1903 1465 1953 religiosior

119 1977 178 2009 est
198 1970 263 2008 ille
283 1970 348 2019 qui
361 1969 512 2019 justior.

175 2036 235 2086 (4)
257 2039 308 2073 At
342 2035 447 2073 enim
482 2047 603 2084 quem
634 2035 803 2072 colimus
828 2036 970 2081 Deum,
994 2047 1067 2072 nec
1104 2034 1354 2072 ostendimus
1387 2048 1464 2072 nec

122 2102 314 2140 videmus.
340 2103 472 2139 Immo
492 2115 538 2139 ex
559 2102 636 2145 hoc
669 2102 801 2138 Deum
823 2100 1034 2148 credimus,
1064 2101 1175 2151 quod
1196 2115 1289 2139 eum
1318 2101 1464 2139 sentire

122 2179 347 2217 possumus,
376 2166 511 2205 videre
530 2179 613 2204 non
633 2179 857 2216 possumus.
884 2167 930 2203 In
959 2166 1148 2216 operibus
1179 2166 1286 2203 enim
1310 2167 1395 2215 ejus
1427 2175 1465 2204 et

120 2232 162 2270 in
182 2231 323 2270 mundi
343 2231 533 2270 omnibus
563 2231 738 2269 motibus
759 2231 944 2269 virtutem
979 2233 1063 2280 ejus
1095 2244 1253 2282 semper
1283 2245 1465 2281 praesen-

123 2305 205 2335 tem
225 2295 453 2347 aspicimus,
476 2309 567 2334 cum
597 2304 721 2343 tonat,
745 2297 924 2344 fulgurat,
957 2296 1152 2343 fulminat,
1176 2309 1266 2334 cum
1294 2305 1461 2335 serenat.

126 2361 188 2414 (5)
204 2363 290 2401 Nec
312 2362 473 2410 mireris,
489 2362 521 2400 si
539 2363 670 2400 Deum
693 2375 773 2400 non
792 2361 901 2400 vides
919 2377 925 2400 ;
947 2371 1068 2400 vento
1089 2369 1127 2400 et
1148 2361 1307 2399 flatibus
1328 2363 1463 2399 omnia
