1619 2596
190 80 205 110 1
216 79 276 123 42
654 76 1045 109 COMMENTAIRE.

183 207 225 213 —
253 186 330 226 Sic,
351 189 392 220 de
418 189 451 220 la
477 188 588 220 meme
614 188 708 229 facon
739 188 816 228 (que
833 187 880 219 les
896 186 982 218 vrais
998 187 1116 218 devins
1131 187 1190 218 des
1207 187 1374 228 temples).
1389 203 1429 208 —
1449 185 1522 218 Ro-

183 239 319 274 tantur,
338 248 415 269 sens
440 236 586 271 refleehi.
617 237 692 267 «ils
718 242 874 267 tournent
901 246 956 267 sur
982 235 1201 273 eux-memes,
1220 236 1260 267 ils
1283 235 1471 267 toumoient
1490 243 1520 266 ».

185 287 232 317 ns
256 286 408 317 faisaient
434 286 542 325 plutfit
569 292 748 326 tournoyer
775 286 807 316 la
834 284 930 316 tete:
956 284 1098 321 Lucam,
1128 285 1261 321 l’ltars.‚
1291 291 1320 325 5,
1345 292 1404 322 172
1433 297 1439 314 ;
1461 290 1527 326 per

184 336 305 366 inania
322 336 436 376 templi
450 336 594 376 ancipiti
606 336 725 365 cervice
742 339 826 364 rotat
844 344 854 366 .·
881 334 985 370 Stat..
1015 334 1118 371 Sila,
1139 341 1157 373 3
1179 346 1185 364 :
1203 345 1242 364 cn
1271 339 1308 364 ut
1323 334 1402 363 colla
1426 338 1520 364 rotat.

185 385 303 425 Apul.,
334 385 432 421 Met„
452 384 482 421 S,
504 392 543 423 27
564 396 570 414 :
590 385 758 424 crinesque
778 384 938 424 pendulos
967 385 1002 413 in
1031 383 1192 413 circulum
1212 387 1363 413 rotantes.
1385 400 1427 405 —
1452 381 1528 414 Par

184 435 221 465 et
243 431 280 464 in
304 431 374 464 illis
398 430 611 474 instigatio,
632 443 675 463 sc.
697 437 794 473 atque
811 433 847 462 in
864 432 1010 463 ratibus.
1028 450 1068 454 —
1088 430 1138 462 Et
1158 445 1186 458 :-
1207 433 1306 462 eliam
1325 442 1338 469 ,⁴
1359 431 1400 462 cs.
1424 439 1472 469 11,
1493 439 1524 471 3.

185 500 227 504 —
255 480 470 523 Instigatio,
501 488 550 513 est
576 481 661 512 dans
689 481 720 512 la
746 481 857 518 lebet„
887 482 933 511 ad
944 481 1043 517 Her„
1071 489 1101 517 2,
1130 487 1184 518 47,
1204 480 1277 522 puis
1301 480 1384 511 dans
1411 479 1526 518 Gaius,

187 530 356 562 Lactance
382 536 414 561 et
437 530 470 562 S.
488 529 716 572 Augustin.-
747 528 1028 570 Argumentum.
1058 529 1107 560 Ce
1136 534 1205 560 mot
1227 527 1366 570 dksigne
1391 529 1421 560 le
1444 529 1530 571 sujet

185 579 286 611 d'une
311 578 404 621 piece
421 590 463 610 ou
480 579 559 610 d’un
577 578 657 611 e'crit
674 579 883 620 quelconque
902 590 909 614 ;
933 578 974 609 de
1000 577 1031 609 Ιὲ
1057 585 1074 610 <<
1092 578 1123 609 le
1140 577 1262 616 theme,
1283 578 1314 608 la
1330 576 1480 616 matiere,
1499 579 1530 609 le

187 630 284 671 sujet‚
303 630 335 660 la
351 627 483 660 donne'e
502 636 518 660 ›)
541 640 548 659 :
566 628 606 659 ils
622 638 663 659 ne
681 626 912 669 prophetisent
930 637 1000 668 pas,
1021 637 1151 659 comme
1168 627 1216 658 les
1231 626 1358 658 devins.

229 730 265 765 4.
294 731 377 772 Voy.
407 738 438 770 7,
458 739 487 770 3.
523 730 579 762 De
604 728 694 771 ipsis
715 729 771 768 (cf.
797 731 813 767 ξ
832 738 870 770 3:
902 730 992 768 hinc)
1016 731 1114 760 etiam
1142 730 1203 760 illa
1219 728 1528 772 (proficiscuntur),

185 792 269 823 quae
289 781 393 821 paulo
420 785 495 810 ante
521 780 574 817 (au
601 779 652 810 ch.
682 786 712 817 7,
740 779 771 819 3)
795 780 859 809 tibi
881 779 928 816 (=
949 790 968 808 α
985 783 1013 809 te
1027 789 1041 815 ;
1064 789 1137 819 voy.
1163 786 1212 817 19,
1231 778 1264 814 6)
1281 779 1367 808 dicta
1382 783 1472 816 sunt,
1493 783 1532 809 ut

188 830 297 862 «c’est
315 829 414 860 d'eux
440 839 506 870 que
533 828 692 860 viennent
709 838 830 859 encore
858 838 906 859 ces
933 827 1020 865 faits,
1048 826 1065 858 ὲ
1094 827 1204 858 savoir
1230 837 1294 868 que
1308 834 1335 858 )).
1371 828 1424 858 De
1450 828 1532 868 ipsis

192 895 220 908 =
236 880 272 910 de
287 880 344 915 eis,
364 889 440 909 sens
456 877 583 909 affaibli
600 888 608 914 ;
627 887 700 918 voy.
721 885 754 916 9,
774 885 802 916 3.
825 895 867 899 —
885 875 954 908 Illa
970 886 1122 907 annonce
1140 882 1188 913 ut,
1206 876 1263 917 qui
1281 877 1311 908 le
1328 875 1530 918 de‘veloppe.

189 928 276 965 Cic„
306 928 372 958 Pro
400 928 528 964 Plana,
559 935 589 964 2,
618 934 660 966 5:
695 926 793 956 Vetus
815 930 861 956 est
885 926 937 956 lex
963 933 1048 955 lLLA
1065 926 1242 961 amicitiae,
1266 934 1314 956 UT
1331 926 1414 956 idem
1432 926 1535 956 amici

187 984 313 1018 semper
326 978 439 1008 velint.
461 994 503 998 ——
523 977 690 1017 Repeteret
704 987 745 1007 ex
759 976 893 1006 somnio.
914 975 1008 1006 Nous
1024 974 1136 1006 disons
1152 986 1160 1006 t
1185 982 1203 1006 ((
1221 975 1305 1005 dans
1319 985 1364 1006 un
1380 985 1484 1016 songe
1500 983 1531 1007 ἲν.

189 1045 231 1050 —-—
255 1025 474 1058 Viderentur
494 1041 523 1054 =
543 1030 765 1062 cernerentur,
784 1025 936 1065 conspicei
944 1029 1054 1061 entur,
1073 1034 1203 1055 comme
1226 1035 1266 1054 au
1286 1023 1338 1056 ch.
1368 1023 1418 1062 18,
1443 1023 1474 1055 8.
1490 1042 1533 1046 —

189 1075 376 1108 Tertullien
392 1076 457 1106 cite
473 1075 521 1106 les
537 1074 662 1106 memes
677 1073 752 1105 faits
769 1074 876 1115 (Apol.
887 1098 894 1111 ‚
915 1082 968 1111 22,
992 1073 1054 1109 12).

234 1174 268 1208 5.
299 1173 403 1206 Haec
419 1171 555 1212 omnia,
574 1173 697 1214 compl.
717 1172 778 1204 dir.
799 1172 840 1203 de
863 1172 1018 1213 cotfiterz'.
1046 1190 1088 1193 —
1112 1169 1326 1204 Tormentis
1341 1171 1534 1204 verborum

190 1225 229 1257 et
244 1222 426 1256 orationis
441 1220 629 1262 incendiis,
659 1223 746 1254 deux
769 1220 904 1262 ge'nitiss
921 1220 1110 1262 explicatifs
1127 1221 1182 1258 (cf.
1202 1231 1234 1259 4,
1256 1225 1286 1261 5)
1303 1232 1311 1257 ;
1335 1221 1382 1252 les
1406 1221 1537 1262 paroles

190 1274 232 1305 de
249 1273 435 1305 l’exorciste
451 1278 526 1304 sont
542 1282 585 1302 un
603 1272 801 1302 instrument
817 1270 859 1302 de
875 1270 1026 1312 supplice
1043 1278 1075 1301 et
1093 1282 1128 1301 sa
1146 1269 1252 1312 priere
1269 1277 1318 1301 est
1335 1280 1465 1301 comme
1490 1280 1534 1300 un

192 1323 246 1354 feu
262 1322 319 1364 qui
336 1328 461 1353 torture
478 1322 508 1352 le
524 1320 658 1352 demon.
681 1320 790 1357 Lact.,
809 1320 861 1350 De
876 1320 956 1359 orie.
978 1331 1095 1357 error„
1119 1328 1168 1360 15,
1197 1328 1215 1360 3
1229 1331 1235 1350 ι
1263 1330 1404 1360 quorum
1430 1319 1537 1350 verbis

192 1373 284 1403 velut
286 1372 415 1413 flagris
432 1370 564 1409 (fouets)
587 1370 751 1400 verberati
774 1379 838 1400 non
865 1369 954 1399 modo
980 1369 1153 1400 daemonas
1173 1379 1235 1399 esse
1251 1379 1282 1399 se
1297 1369 1532 1410 confitentur...

194 1422 263 1453 Nec
268 1422 386 1463 justis,
405 1431 545 1461 quorum
563 1431 633 1450 voce
648 1424 869 1460 torquentur:
883 1418 918 1450 S.
950 1418 1064 1459 Cypn,
1091 1419 1150 1449 Ad
1169 1419 1330 1455 Demetr„
1355 1425 1391 1458 15
1407 1430 1414 1448 :
1430 1428 1536 1458 quan-

194 1472 272 1502 do...
303 1475 502 1511 torquentur
521 1469 730 1510 spiritalibus
749 1468 873 1508 fldgrris
897 1473 927 1498 et
947 1468 1121 1498 verborum
1149 1468 1321 1498 tormentis
1348 1468 1385 1497 de
1407 1467 1539 1497 obsessis

195 1521 379 1561 corporibus
403 1520 595 1560 ejiciuntur.
624 1517 724 1549 Firm.
748 1518 847 1553 Mat.,
878 1527 908 1558 p.
939 1516 993 1555 96,
1019 1525 1084 1547 22:
1109 1518 1155 1546 sic
1171 1518 1207 1547 in
1224 1522 1349 1557 corpore
1364 1516 1537 1546 hominum

195 1570 367 1601 constituti
382 1570 428 1607 (z
451 1564 560 1607 ὄντες)
574 1568 627 1597 dii
648 1567 752 1598 vestri
775 1567 867 1597 verbo
894 1566 964 1597 Dei
987 1566 1194 1606 spiritalium
1210 1566 1436 1606 flammarum
1465 1566 1541 1605 igme

195 1624 402 1661 torquentur.
423 1636 465 1641 -—
484 1617 541 1649 De
553 1613 777 1658 corporibus.
797 1616 850 1646 De
866 1615 1034 1656 remplace
1049 1625 1116 1646 ex
1132 1625 1205 1655 voy.
1227 1623 1258 1653 2,
1279 1623 1308 1655 3.

240 1716 275 1750 6.
303 1713 484 1757 Quicquid
511 1713 741 1754 daemonum,
770 1711 845 1754 ge'n.
875 1713 917 1744 de
948 1710 1090 1753 l’espece
1107 1723 1115 1749 ;
1151 1712 1191 1743 cf.
1226 1720 1258 1749 2,
1293 1720 1322 1752 3.
1357 1729 1399 1735 —
1430 1709 1541 1753 Quod

196 1768 293 1806 sunt,
313 1776 350 1797 ce
365 1764 464 1806 qu'ils
479 1771 555 1796 sont
571 1761 807 1801 (reellernent).
832 1761 886 1794 Cf.
917 1769 966 1801 13,
988 1769 1029 1801 5:
1055 1766 1093 1792 ut
1116 1766 1206 1792 sunt.
1233 1779 1276 1784 —
1301 1759 1380 1793 Nec
1403 1758 1537 1801 utique,

198 1824 217 1848 ((
228 1822 261 1849 et
284 1821 390 1847 certes
406 1825 449 1845 on
465 1824 507 1845 ne
523 1818 602 1855 peut
618 1812 722 1844 croire
738 1811 837 1854 qu’ils
853 1816 1003 1842 mentent
1021 1821 1103 1852 pour
1119 1811 1191 1842 leur
1207 1810 1310 1842 honte
1321 1816 1350 1842 ).
1364 1810 1449 1851 Voy.
1465 1811 1481 1847 ἓ
1499 1818 1517 1840 2
1532 1821 1541 1840 τ

200 1867 238 1897 in
247 1865 479 1906 perditionem,
499 1870 532 1894 et
548 1863 656 1902 Tert.‚
675 1862 788 1903 Apol.,
808 1869 848 1901 23
866 1859 944 1897 (cite
960 1870 1001 1891 au
1018 1861 1034 1897 ἕ
1049 1861 1095 1899 7).

243 1961 279 1997 7.
302 1959 401 2003 Ipsis
416 1959 748 1997 testibus.Tertull.‚
765 1967 783 1989 2
787 1957 885 1999 3‚16:
903 1958 1030 1989 Credite
1047 1958 1128 1994 illis,
1141 1958 1219 1988 dum
1236 1968 1351 1988 verum
1368 1957 1404 1987 de
1419 1967 1450 1987 se
1463 1956 1544 1997 ipsis

201 2013 396 2053 loqumttur‚
415 2011 478 2051 qui
493 2009 726 2040 mentientibus
741 2008 883 2038 creditis.
904 2007 1008 2038 [Vemo
1029 2007 1076 2037 ad
1098 2018 1195 2037 suum
1219 2007 1351 2037 dedecus
1367 2006 1540 2041 mentitur,

201 2063 286 2103 quin
296 2061 410 2102 potius
425 2060 471 2090 ad
482 2059 643 2090 honorem.
665 2075 708 2080 —
726 2056 803 2088 Eos
819 2064 905 2088 esse
920 2054 1055 2097 depend
1080 2056 1121 2087 de
1145 2056 1272 2086 credite.
1293 2073 1335 2077 —
1352 2052 1543 2087 Confiten-

201 2108 312 2147 fibus,
330 2109 371 2140 ils
387 2113 542 2145 avouent,
568 2118 610 2139 en
625 2105 796 2138 obeissant
812 2104 830 2137 ὲ
847 2104 932 2136 celui
953 2104 1010 2146 qui
1034 2104 1103 2135 leur
1127 2104 1278 2135 ordonne
1300 2104 1343 2135 de
1365 2102 1489 2142 quitter
1513 2103 1543 2134 le

202 2169 301 2200 corps
316 2159 375 2190 des
390 2155 558 2200 possedes.
572 2175 613 2180 —
629 2153 747 2195 Inviti,
762 2153 896 2194 miseri,
912 2152 1072 2194 asyndete
1089 2153 1107 2184 ἐι
1123 2153 1210 2185 deux
1227 2152 1402 2189 membres,
1415 2162 1545 2184 comme

203 2219 245 2239 au
261 2208 313 2239 ch.
337 2216 387 2243 12,
407 2215 436 2247 3.
457 2207 565 2243 Tert.,
585 2206 695 2247 Apol„
713 2213 767 2243 23,
784 2203 821 2235 16
838 2216 845 2234 :
859 2204 896 2235 de
911 2203 1096 2244 corporibus
1112 2207 1220 2233 nostro
1236 2203 1373 2243 imperio
1387 2201 1546 2232 excedunt

205 2258 312 2288 inviti
324 2262 354 2288 et
368 2257 515 2287 dolentes.
538 2274 577 2278 -
596 2253 855 2286 Inhorrescunt
870 2258 887 2282 ((
900 2263 934 2284 se
951 2251 1100 2283 he‘risser.
1119 2252 1300 2282 frissonner
1315 2250 1357 2282 de
1374 2257 1497 2282 terreur
1510 2257 1542 2282 ).

205 2306 293 2344 Cic.,
319 2306 372 2337 De
397 2311 478 2347 rep„
505 2314 537 2344 4,
567 2305 588 2336 6
604 2316 611 2335 ι
637 2304 764 2334 dicitur
788 2302 993 2333 inhorruisse
1014 2302 1167 2342 primum
1197 2301 1325 2331 civitas.
1353 2299 1404 2331 Cf.
1431 2299 1543 2340 Epist.

197 2355 327 2397 Jacobi,
347 2364 378 2394 2,
397 2363 438 2395 9:
456 2351 617 2395 δαιμόνια
636 2349 829 2396 φρίσσουσι,
856 2351 1028 2382 daemonia
1053 2350 1306 2381 contremiscmzt
1317 2359 1332 2387 ;
1353 2348 1388 2381 S.
1410 2348 1491 2385 Luc,
1510 2355 1545 2387 9,
