1619 2596
132 105 189 148 14
664 96 930 129 ocrAvrus.

123 223 228 251 ratur
241 220 278 250 et
295 225 342 250 ex
356 213 478 249 altera
494 216 603 259 parte
620 208 854 258 plerumque
871 205 1040 243 obscura
1057 205 1105 242 sit
1121 205 1273 252 veritas,
1289 218 1335 244 ex
1349 206 1472 244 altero

124 280 246 316 latere
269 275 368 314 mira
388 273 600 318 subtilitas,
628 284 732 322 quae
762 282 1068 319 nonnumquam
1103 269 1283 308 ubertate
1312 270 1472 308 dicendi

125 344 246 382 fidem
287 342 495 380 confessae
525 335 775 388 probationis
807 334 996 379 imitetur,
1036 334 1248 384 diligenter
1280 343 1472 385 quantum

126 415 259 458 potest
290 406 445 457 singula
474 404 758 454 ponderemus,
791 408 832 438 ut
853 399 1025 450 argutias
1046 400 1210 449 quidem
1232 401 1407 447 laudare,
1430 413 1477 437 ea

126 485 220 511 vero
241 485 343 521 quae
364 478 470 509 recta
491 475 593 514 sunt,
616 468 771 516 eligere,
794 465 975 515 probare,
998 464 1202 514 suscipere
1222 464 1434 514 possimus.
1456 476 1474 501 »

181 538 269 574 XV.
305 546 326 576 (ς
351 533 524 573 Decedis
546 543 566 572 ))
591 531 720 581 inquit
742 529 941 570 Caecilius
965 539 985 568 ((
1008 529 1140 567 officio
1159 529 1306 578 judicis
1327 529 1479 579 religio-

127 602 157 639 si
179 616 187 639 ε
219 614 312 639 narn
334 598 595 650 perinjurium
616 603 677 634 est
698 594 798 633 vires
828 602 868 632 te
890 593 1069 632 'actionis
1090 606 1202 632 meae
1237 593 1479 644 intergressu

127 666 384 718 gravissimae
412 661 698 714 disputationis
729 660 954 710 infringere,
987 672 1079 697 cum
1101 659 1294 699 Octavius
1328 659 1481 710 integra

130 742 168 771 et
191 732 355 770 inlibata
376 730 521 768 habeat
542 728 709 778 singula,
733 726 766 765 si
786 733 932 777 potest,
954 726 1136 763 refutare.
1161 734 1182 764 ))

187 796 247 847 (2)
280 811 298 839 (ς
322 797 370 834 Id
404 795 514 845 quod
535 791 753 831 criminaris
774 804 793 832 ›
826 791 992 841 inquam
1028 799 1048 829 «
1079 790 1119 827 in
1149 803 1378 836 commune,
1406 789 1482 827 nisi

131 863 258 907 fallor,
280 859 554 911 conpendium
575 856 735 908 protuli,
758 863 799 894 ut
831 854 1015 893 examine
1041 856 1278 904 scrupuloso
1304 862 1482 892 nostram

134 926 375 966 sententiam
415 938 496 964 non
533 922 787 973 eloquentiae
819 929 987 965 tumore,
1024 920 1095 957 sed
1142 932 1271 958 rerum
1307 920 1482 969 ipsarum

134 992 337 1031 soliditate
368 991 571 1029 libremus.
596 989 683 1027 Nec
718 986 938 1032 avocanda,
972 984 1082 1034 quod
1113 985 1300 1034 quereris,
1333 983 1484 1024 diutius

134 1057 318 1104 intentio,
335 1069 427 1095 cum
443 1062 529 1094 toto
543 1053 707 1093 silentio
721 1053 837 1090 liceat
854 1051 1158 1101 responsionem
1176 1050 1340 1100 Januari
1361 1050 1484 1089 nostri

132 1125 214 1173 jam
237 1120 444 1173 gestientis
465 1119 614 1158 audire.
639 1128 661 1159 »

189 1189 302 1227 XVI.
338 1189 390 1226 Et
428 1185 621 1226 Octavius
645 1199 653 1223 :
689 1194 708 1223 «
742 1183 885 1220 Dicam
919 1183 1120 1231 equidem,
1144 1189 1185 1220 ut
1221 1189 1373 1232 potero,
1413 1196 1485 1232 pro

135 1255 296 1301 viribus,
319 1261 358 1291 et
377 1252 644 1290 adnitendum
662 1249 734 1287 tibi
756 1261 915 1286 mecum
938 1256 1008 1293 est,
1027 1256 1069 1285 ut
1086 1248 1360 1286 conviciorum
1382 1261 1485 1286 ama-

134 1320 334 1359 rissimam
355 1318 487 1356 labem
508 1316 718 1354 verborum
740 1315 942 1352 veracium
953 1314 1146 1363 flumine
1169 1314 1381 1351 diluamus.

191 1385 279 1422 Nec
293 1381 557 1421 dissimulabo
570 1378 770 1430 principio
784 1378 837 1417 ita
852 1378 1007 1417 Natalis
1023 1377 1100 1417 mei
1113 1385 1324 1424 errantem,
1334 1391 1484 1428 vagam,

141 1449 337 1488 lubricam
351 1455 512 1485 nutasse
525 1445 776 1491 sententiam,
792 1452 834 1482 ut
848 1445 897 1482 sit
909 1443 1027 1482 nobis
1039 1444 1339 1494 ambigendum,
1355 1451 1486 1481 utrum

138 1515 303 1564 vasritia
323 1513 482 1552 turbata
501 1511 562 1558 sit,
584 1524 634 1548 an
651 1509 893 1548 vacillaverit
909 1522 978 1559 per
993 1521 1178 1547 errorem.
1194 1508 1254 1558 (2)
1269 1509 1374 1546 Nam
1389 1507 1489 1546 inte—

135 1580 210 1618 rim
230 1580 330 1618 deos
357 1579 531 1625 credere,
559 1575 718 1614 interim
736 1588 777 1613 se
798 1574 1018 1613 deliberare
1039 1573 1212 1620 variavit,
1235 1582 1278 1611 ut
1310 1572 1489 1623 proposi—

135 1644 256 1683 tionis
272 1644 425 1682 incerto
441 1641 630 1680 incertior
645 1638 918 1690 responsionis
935 1646 1096 1677 nostrae
1117 1638 1286 1677 intentio
1306 1639 1489 1676 fundare-

135 1718 209 1748 tur.
228 1710 308 1747 Sed
326 1708 365 1746 in
388 1706 522 1745 Natali
544 1718 634 1744 meo
655 1703 867 1743 versutiam
885 1705 992 1750 nolo,
1012 1717 1092 1742 non
1109 1705 1249 1742 credo:
1271 1704 1408 1753 procul
1429 1712 1488 1740 est

136 1775 189 1814 ab
210 1776 295 1825 ejus
325 1771 581 1823 simplicitate
607 1769 764 1809 subtilis
794 1770 1011 1808 urbanitas.
1034 1769 1093 1819 (3)
1115 1769 1226 1818 Quid
1255 1769 1401 1819 igitur?
1431 1769 1488 1807 Ut

138 1840 207 1892 qui
227 1847 376 1879 rectam
398 1838 502 1876 viam
522 1837 661 1883 nescit,
680 1836 760 1884 ubi,
784 1835 915 1885 utfit,
937 1836 976 1873 in
998 1836 1131 1885 plures
1153 1847 1232 1872 una
1251 1832 1487 1879 diffinditur,

139 1906 233 1956 quia
252 1905 357 1943 viam
374 1902 512 1949 nescit,
527 1903 663 1940 haeret
678 1901 818 1940 anxius
833 1914 908 1939 nec
922 1901 1097 1951 singulas
1112 1900 1235 1938 audet
1251 1899 1394 1949 eligere
1414 1910 1489 1936 nec

139 1971 345 2010 universas
366 1968 560 2018 probare:
592 1967 660 2013 sic,
696 1967 759 2004 cui
793 1979 874 2004 non
903 1974 962 2004 est
988 1965 1069 2003 veri
1103 1964 1247 2003 stabile
1278 1963 1487 2013 judicium,

140 2044 257 2086 prout
277 2035 403 2073 infida
422 2032 600 2083 suspicio
620 2031 827 2083 spargitur,
847 2031 899 2069 ita
919 2032 1005 2081 ejus
1025 2030 1150 2068 dubia
1169 2028 1308 2080 opinio
1328 2028 1490 2078 dissipa-

140 2109 213 2138 tur.
232 2099 293 2150 (4)
310 2099 477 2137 Nullum
492 2097 628 2146 itaque
649 2097 884 2134 miraculum
905 2102 977 2142 est,
996 2094 1028 2132 si
1045 2094 1247 2134 Caecilius
1269 2093 1489 2132 identidem

140 2165 182 2204 in
202 2163 409 2204 contrariis
438 2176 484 2201 ac
513 2161 831 2213 repugnantibus
853 2161 1034 2209 jactetur,
1056 2167 1222 2205 aestuet,
1265 2160 1488 2198 fluctuetur.

143 2231 267 2280 Quod
301 2242 352 2267 ne
385 2229 453 2266 fiat
487 2227 664 2273 ulterius,
701 2225 940 2264 convincam
975 2232 1014 2263 et
1042 2226 1277 2274 redarguam
1309 2222 1490 2274 quamvis

140 2296 307 2342 diversa,
325 2306 428 2344 quae
443 2293 552 2332 dicta
567 2299 671 2338 sunt,
689 2305 769 2330 una
784 2291 948 2329 veritate
964 2291 1200 2328 confirmata
1216 2290 1461 2339 probataque
1481 2301 1489 2324 :

143 2362 195 2400 sic
214 2374 287 2400 nec
309 2359 578 2400 dubitandum
599 2359 635 2397 ei
656 2359 706 2398 de
727 2366 861 2396 cetero
882 2364 942 2395 est
963 2369 1038 2395 nec
1058 2356 1297 2406 vagandum.
