1619 2596
125 65 185 109 28
660 74 928 107 OCTAVIUS.

120 196 241 238 atque
264 188 470 232 Pallorem,
504 199 595 224 mox
629 200 651 223 a
686 186 823 224 nescio
853 199 933 236 quo
965 186 1102 225 Febris
1136 186 1345 224 dedicata:
1368 187 1465 224 haec

119 254 282 290 alumna
303 251 410 290 urbis
433 250 544 289 istius
565 250 805 300 superstitio,
831 250 958 289 morbi
980 258 1018 288 et
1044 251 1171 289 malae
1198 250 1468 288 valetudines!

120 319 224 356 Sane
256 324 294 356 et
327 320 434 354 Acca
472 316 656 355 Larentia
687 324 724 353 et
758 317 884 362 Flora,
928 315 1153 354 meretrices
1184 315 1464 365 propudiosae,

121 384 221 421 inter
244 382 408 420 morbos
431 383 709 419 Romanorum
733 389 771 419 et
793 383 891 419 deos
911 381 1221 430 computandae.

177 449 235 497 (9)
259 447 328 485 Isti
350 446 503 485 scilicet
525 446 717 483 adversus
738 454 903 492 ceteros,
926 445 993 495 qui
1016 445 1054 482 in
1076 445 1266 495 gentibus
1285 444 1470 483 coleban-

121 521 194 558 tur,
233 514 510 550 Romanorum
549 511 759 560 imperium
793 511 1072 560 protulerunt:
1101 523 1232 559 neque
1262 508 1368 547 enim
1403 522 1473 547 eos

120 579 334 616 adversum
370 589 463 614 suos
498 575 682 614 homines
717 577 777 613 vel
815 576 924 613 Mars
959 574 1169 620 Thracius,
1202 576 1260 612 vel
1291 574 1473 624 Juppiter

123 643 318 688 Creticus,
342 643 401 680 vel
424 643 530 691 Juno
558 654 665 678 nunc
697 640 850 690 Argiva,
883 653 991 678 nunc
1021 640 1164 685 Samia,
1189 652 1295 676 nunc
1327 640 1472 684 Poena,

121 709 184 745 vel
214 707 345 745 Diana
364 707 545 752 Taurica,
570 707 629 743 vel
654 706 785 743 Mater
820 706 952 752 Idaea,
976 707 1036 744 vel
1071 705 1268 755 Aegyptia
1297 704 1362 741 illa
1393 716 1473 741 non

122 772 300 818 numina,
331 774 401 810 sed
433 779 617 822 portenta
635 773 835 821 juverunt.

178 830 266 887 (ro)
303 838 388 875 Nisi
422 838 521 875 forte
547 837 654 886 apud
686 835 781 874 istos
821 837 947 886 major
983 836 1143 875 castitas
1176 835 1371 885 virginum
1406 842 1475 872 aut

122 902 260 952 religio
281 902 454 941 sanctior
474 903 739 948 sacerdotum,
771 915 863 940 cum
894 915 1024 952 paene
1046 902 1085 940 in
1107 901 1286 952 pluribus
1323 899 1475 949 virgini-

125 968 211 1014 bus,
248 970 371 1006 Vesta
410 981 506 1006 sane
549 967 765 1013 nesciente,
809 967 855 1005 sit
896 967 1092 1005 incestum
1133 966 1391 1009 vindicatum,
1434 964 1480 1002 in-

126 1033 296 1071 residuis
316 1033 582 1083 inpunitatem
605 1031 738 1070 fecerit
770 1045 849 1070 non
879 1032 1038 1070 castitas
1070 1031 1203 1077 tutior,
1227 1032 1297 1069 sed
1321 1029 1474 1079 inpudi-

126 1098 219 1136 citia
241 1098 403 1137 felicior.
435 1097 520 1148 (11)
555 1097 636 1137 Ubi
668 1105 800 1135 autem
834 1098 957 1147 magis
989 1110 1109 1147 quam
1144 1111 1165 1135 a
1200 1095 1476 1134 sacerdotibus

127 1163 230 1201 inter
248 1177 334 1202 aras
355 1171 394 1200 et
415 1164 580 1201 delubra
607 1163 888 1201 conducuntur
920 1171 1067 1212 stupra,
1090 1169 1309 1200 tractantur
1329 1159 1474 1198 lenoci-

127 1228 204 1274 nia,
226 1228 422 1267 adulteria
443 1227 684 1266 meditantur
698 1230 726 1265 ?.
739 1259 763 1264 ..

181 1294 242 1343 (1)
266 1295 316 1331 Et
335 1301 471 1331 tamen
491 1301 583 1331 ante
605 1306 685 1339 eos,
706 1294 793 1331 Deo
815 1293 1085 1343 dispensante,
1109 1292 1177 1330 diu
1201 1304 1319 1340 regna
1341 1299 1475 1327 tenue-

128 1366 219 1396 runt
240 1358 401 1408 Assyrii,
427 1358 553 1405 Medi,
577 1359 731 1404 Persae,
769 1357 910 1397 Graeci
946 1357 1065 1396 etiam
1093 1365 1131 1395 et
1152 1356 1349 1406 Aegyptii,
1383 1367 1480 1393 cum.

130 1424 345 1462 Pontifices
366 1431 404 1462 et
434 1424 598 1461 Arvales
631 1432 669 1461 et
691 1424 820 1462 Salios
842 1431 880 1461 et
901 1424 1084 1461 Vestales
1119 1430 1157 1461 et
1179 1425 1358 1471 Augures
1394 1432 1477 1458 non

127 1490 320 1528 haberent
342 1503 416 1528 nec
433 1490 562 1540 pullos
583 1501 702 1527 cavea
724 1490 913 1535 reclusos,
935 1501 1106 1538 quorum
1127 1488 1220 1525 cibo
1237 1488 1298 1524 vel
1315 1485 1475 1523 fastidio

127 1569 189 1594 res
210 1555 370 1606 publica
392 1568 548 1592 summa
568 1561 779 1604 regeretur.

181 1622 333 1658 XXVI.
365 1622 454 1669 Jam
494 1619 602 1658 enim
643 1619 763 1658 venio
803 1620 854 1657 ad
899 1618 964 1656 illa
1003 1617 1181 1668 auspicia
1231 1627 1267 1654 et
1316 1615 1482 1665 auguria

130 1688 327 1732 Romana,
350 1698 454 1736 quae
475 1698 635 1723 summo
666 1685 801 1722 labore
829 1684 999 1722 collecta
1020 1691 1187 1721 testatus
1208 1696 1249 1720 es
1285 1690 1322 1720 et
1348 1680 1479 1731 paeni-

128 1759 257 1790 tenter
278 1750 425 1789 omissa
457 1759 494 1788 et
525 1750 735 1788 observata
758 1748 934 1787 feliciter.
960 1748 1020 1799 (2)
1054 1747 1223 1787 Clodius
1259 1746 1409 1784 scilicet
1441 1753 1480 1783 et

131 1815 352 1854 Flaminius
402 1824 440 1854 et
474 1815 617 1864 Junius
667 1815 759 1853 ideo
809 1813 1003 1852 exercitus
1047 1813 1319 1863 perdiderunt,
1369 1811 1479 1860 quod

130 1882 330 1932 pullorum
349 1879 592 1918 solistimum
615 1879 836 1929 tripudium
858 1879 1178 1929 exspectandum
1211 1890 1289 1915 non
1322 1885 1480 1926 putave—

130 1955 233 1984 runt.
257 1946 317 1996 (3)
341 1945 452 1994 Quid
475 1946 685 1995 Regulus?
715 1957 851 1982 nonne
882 1943 1043 1994 auguria
1078 1941 1245 1980 servavit
1267 1951 1305 1980 et
1340 1949 1479 1990 captus

129 2012 222 2050 est?
244 2010 458 2049 Mancinus
480 2009 714 2060 religionem
737 2009 877 2054 tenuit,
908 2016 947 2047 et
973 2008 1047 2046 sub
1074 2008 1214 2057 jugum
1247 2006 1390 2044 missus
1421 2014 1481 2044 est

129 2084 169 2114 et
189 2075 362 2114 deditus.
393 2076 528 2113 Pullos
555 2076 700 2113 edaces
741 2073 882 2111 habuit
917 2080 956 2111 et
991 2073 1149 2118 Paulus,
1183 2072 1290 2121 apud
1319 2072 1480 2111 Cannas

130 2148 267 2179 tamen
288 2153 379 2178 curn
401 2141 551 2190 majore
567 2139 810 2189 reipublicae
825 2146 936 2189 parte
953 2144 1171 2188 prostratus
1188 2145 1259 2176 est.
1282 2135 1340 2185 (4)
1355 2135 1479 2175 Gaius

131 2206 291 2252 Caesar,
313 2218 364 2243 ne
385 2212 477 2243 ante
499 2205 681 2242 brumam
713 2203 751 2240 in
786 2202 962 2241 Africam
993 2203 1148 2252 navigia
1178 2201 1478 2245 transmitteret,

130 2271 304 2320 auguriis
343 2278 382 2308 et
415 2269 603 2320 auspiciis
643 2268 921 2315 renitentibus,
956 2267 1128 2318 sprevit:
1164 2279 1213 2306 eo
1252 2266 1403 2305 facilius
1441 2273 1479 2304 et

132 2335 331 2386 navigavit
347 2344 385 2375 et
401 2335 507 2374 vicit.
