1619 2596
394 69 677 102 CHAPITRES
713 68 1075 100 XXXIV-XXXVI.
1353 69 1414 113 39

70 183 239 223 aeternis
273 189 515 232 praeparata,
551 189 589 219 et
623 181 869 218 daemonum
899 179 1057 218 indiciis
1089 186 1128 217 et
1162 180 1213 218 de
1247 179 1417 217 oraculis

71 250 356 300 prophetarum
390 247 562 297 cognita,
602 246 864 284 tradiderunt.
906 245 966 296 (2)
995 246 1046 283 Et
1081 245 1173 283 ideo
1204 245 1310 293 apud
1348 256 1418 282 eos

71 315 191 354 etiam
206 314 292 364 ipse
306 327 372 351 rex
386 313 570 364 Juppiter
582 326 650 363 per
669 320 866 350 torrentes
882 311 984 361 ripas
998 323 1036 349 et
1049 320 1174 348 atram
1190 309 1417 359 voraginem

70 382 174 431 jurat
202 378 410 428 religiose:
440 378 678 417 destinatam
710 377 819 415 enim
852 376 928 414 sibi
963 389 1054 414 cum
1090 375 1171 413 suis
1200 375 1419 412 cultoribus

74 457 248 497 poenam
263 445 463 494 praescius
484 442 757 494 perhorrescit.
780 441 840 491 (3)
863 443 948 480 Nec
962 441 1170 479 tormentis
1186 449 1253 478 aut
1275 440 1419 478 modus

75 511 179 549 ullus
199 516 266 547 aut
288 508 491 547 terminus.
516 508 604 546 Illic
625 506 785 557 sapiens
805 506 905 556 ignis
929 506 1106 544 membra
1126 505 1202 543 urit
1223 514 1262 542 et
1282 504 1419 550 reficit,
1464 530 1467 534 -

75 576 200 626 carpit
230 583 268 613 et
289 574 422 613 nutrit.
446 573 555 612 Sicut
576 573 687 622 ignes
708 572 919 610 fulminum
953 584 1122 621 corpora
1152 578 1319 620 tangunt
1348 582 1441 623 nec¹

76 642 305 686 absumunt,
328 639 430 677 sicut
456 638 567 688 ignes
586 637 761 676 Aetnaei
782 637 930 675 montis
961 645 998 675 et
1031 636 1172 674 Vesuvi
1203 635 1351 674 montis
1385 642 1425 672 et

76 705 303 744 ardentium
342 704 492 754 ubique
530 712 720 741 terrarum
761 704 927 752 flagrant
966 714 1042 739 nec
1087 708 1329 750 erogantur:
1370 692 1439 737 ital

78 771 247 821 poenale
275 769 374 808 illud
408 768 640 806 incendium
675 781 757 806 non
790 768 947 805 damnis
981 765 1207 804 ardentium
1235 758 1437 815 pascitur,¹

77 837 148 874 sed
167 835 328 874 inexesa
347 847 559 884 corporum
579 833 822 872 laceratione
845 833 1025 870 nutritur.
1434 808 1437 851 i

133 900 192 951 (4)
224 902 304 938 Eos
331 909 465 938 autem
494 899 638 937 merito
668 899 856 948 torqueri,
887 899 955 948 qui
994 899 1126 936 Deum
1155 896 1350 942 nesciunt,
1382 887 1437 937 uti

80 965 236 1016 impios,
277 973 319 1003 ut
358 965 537 1014 injustos,
580 964 655 1002 nisi
695 965 884 1014 profanus
926 976 1046 1002 nemo
1085 962 1291 1007 deliberat,
1333 943 1436 1033 cum)

80 1039 287 1081 parentem
305 1030 488 1069 omnium
505 1038 543 1068 et
564 1029 745 1067 omnium
763 1029 973 1067 dominum
991 1041 1073 1066 non
1091 1026 1256 1065 minoris
1270 1025 1432 1080 sceleris

81 1097 131 1135 sit
151 1097 332 1146 ignorare
359 1109 480 1145 quam
510 1096 677 1133 laedere.
710 1097 769 1145 (5)
801 1097 852 1132 Et
881 1106 1126 1144 quamquam
1147 1091 1332 1143 inperitia
1354 1085 1431 1145 Dei

82 1161 251 1200 sufficiat
269 1161 321 1199 ad
350 1173 534 1210 poenam,
567 1161 622 1198 ita
642 1169 685 1198 ut
714 1159 856 1198 notitia
876 1159 1000 1210 prosit
1020 1160 1071 1197 ad
1100 1158 1273 1204 veniam,
1297 1164 1417 1194 tamer

83 1226 115 1264 si
135 1226 344 1265 vobiscum
376 1225 592 1265 Christiani
623 1239 912 1275 comparemur,
946 1224 1128 1274 quamvis
1157 1223 1197 1260 in
1228 1222 1408 1260 nonnulli

82 1291 296 1342 disciplina
334 1299 469 1329 nostra
504 1291 634 1329 minor
668 1300 738 1336 est,
777 1292 903 1329 multo
933 1298 1068 1328 tamen
1102 1288 1217 1327 vobis
1248 1286 1412 1325 meliore

81 1358 442 1407 deprehendemur.
467 1356 527 1406 (6)
540 1358 625 1394 Vos
645 1356 752 1395 enim
773 1355 969 1394 adulteria
990 1354 1211 1406 prohibetis
1233 1362 1270 1391 et
1292 1351 1417 1390 facitis

81 1434 154 1460 nos
176 1422 366 1460 uxoribus
386 1421 533 1459 nostris
563 1422 820 1460 solummodo
842 1421 911 1458 viri
942 1420 1144 1458 nascimur
1163 1435 1169 1456 :
1191 1432 1262 1456 vos
1283 1418 1408 1456 sceler

81 1487 258 1526 admissa
296 1487 458 1537 punitis,
498 1488 607 1536 apud
642 1500 716 1524 nos
750 1496 788 1525 et
826 1486 1001 1536 cogitare
1036 1497 1204 1535 peccare
1236 1492 1322 1521 est:
1362 1495 1412 1520 vo

81 1553 267 1591 conscios
299 1551 459 1600 timetis,
491 1565 566 1591 nos
596 1553 716 1591 etiam
747 1551 1036 1590 conscientiam
1067 1552 1205 1596 solam,
1241 1548 1326 1587 sine
1355 1556 1419 1601 qut

80 1631 168 1656 esse
205 1631 288 1656 non
327 1631 572 1667 possumus:
612 1617 788 1666 denique
827 1617 878 1655 de
917 1624 1048 1655 vestro
1095 1628 1263 1653 numero
1302 1613 1416 1657 carcel

80 1690 296 1730 exaestuat,
320 1683 573 1723 Christianus
591 1682 646 1721 ibi
667 1684 800 1720 nullus
823 1682 898 1720 nisi
919 1690 987 1720 aut
1007 1694 1096 1719 reus
1117 1694 1212 1719 suae
1234 1679 1399 1729 religion

79 1756 149 1787 aut
169 1749 371 1798 profugus.

136 1814 328 1851 XXXVI.
354 1815 441 1851 Nec
473 1815 524 1852 de
554 1814 635 1852 fato
664 1813 879 1863 quisquam
898 1819 965 1850 aut
996 1810 1188 1850 solacium
1212 1817 1345 1860 captet
1366 1822 1389 1846 a

81 1887 244 1919 excuset
264 1888 453 1918 eventum
473 1896 480 1918 :
501 1880 552 1918 sit
583 1893 667 1919 sors
696 1881 892 1924 fortunae,
916 1890 1030 1915 mens
1060 1884 1194 1914 tamen
1216 1875 1342 1913 libera
1361 1888 1402 1912 e·

80 1952 120 1983 et
151 1944 244 1983 ideo
279 1953 391 1984 actus
423 1937 608 1991 hominis,
643 1958 725 1983 non
769 1943 943 1994 dignitas
971 1942 1186 1992 judicatur.
1219 1940 1278 1989 (2)
1321 1932 1410 2045 Qu}

79 2009 189 2049 enim
216 2010 326 2049 aliud
355 2018 414 2048 est
441 2011 569 2049 fatum
604 2023 724 2060 quam
757 2009 868 2058 quod
903 2009 954 2046 de
984 2018 1232 2057 unoquoque
1254 2012 1392 2042 nostru

82 2077 194 2114 Deus
227 2077 330 2114 fatus
359 2078 450 2115 est?
483 2077 564 2125 Qui
595 2089 689 2114 cum
724 2075 849 2125 possit
883 2073 1080 2124 praescire
1113 2070 1333 2116 materiam,
1364 2082 1389 2119 p

79 2141 229 2180 meritis
250 2150 289 2180 et
309 2141 569 2191 qualitatibus
586 2141 837 2191 singulorum
858 2139 978 2177 etiam
999 2140 1082 2176 fata
1101 2136 1355 2176 determinat.
1393 2174 1395 2182 ,
1425 2163 1436 2177 .,

79 2206 122 2244 in
141 2205 258 2244 nobis
285 2219 367 2244 non
386 2206 570 2256 genitura
596 2205 794 2256 plectitur,
827 2205 897 2243 sed
918 2202 1066 2253 ingenii
1088 2210 1229 2240 natura
1256 2186 1404 2305 punitnlL

81 2273 142 2309 Ac
161 2271 213 2309 de
233 2272 313 2309 fato
334 2271 439 2319 satis,
463 2273 525 2310 vel
545 2272 579 2310 si
598 2283 737 2322 pauca,
761 2283 832 2320 pro
852 2277 1043 2318 tempore,
1076 2264 1314 2316 disputaturi
1335 2263 1385 2302 ali

81 2343 121 2375 et
139 2335 295 2376 uberius
315 2344 355 2375 et
372 2337 541 2387 plenius.
1390 2314 1392 2398 l

1388 2559 1391 2596 l
