1619 2596
179 99 270 132 100
647 97 1034 129 COMMENTAIRE.

170 221 304 253 pafflage
328 210 368 240 de
386 209 468 240 l’eau
483 209 539 250 qui
557 209 664 246 coule)
686 215 717 239 et
734 208 832 240 d‘une
856 207 998 240 maniere
1021 209 1211 241 inoffensive
1226 218 1241 240 »
1260 209 1450 247 (Leonard).
1468 227 1509 231 —

169 257 311 294 Occulti
327 265 359 289 et
382 255 523 290 innoxii
539 264 612 289 sont
636 257 788 289 attributs
804 263 835 289 et
859 269 892 289 se
917 258 1096 289 traduisent
1118 269 1174 300 par
1198 258 1255 290 des
1278 258 1436 290 adverbes
1452 258 1504 294 (cf.

174 318 222 350 13,
242 310 286 346 4).

211 406 241 440 9.
265 406 327 437 Les
353 406 438 437 deux
457 405 611 446 premiers
643 406 804 436 membres
831 405 871 436 de
890 405 1005 446 phrase
1035 407 1161 447 parient
1188 405 1229 436 de
1246 406 1277 436 la
1293 411 1387 442 terre,
1418 406 1459 437 de
1475 416 1510 437 sa

169 455 256 487 force
273 461 304 487 et
325 455 366 486 de
383 465 433 485 ses
458 454 670 495 productions
685 465 693 491 3
722 455 768 485 les
785 454 863 485 trois
880 454 1025 485 derniers
1054 455 1179 496 parlent
1196 454 1254 486 des
1277 465 1359 485 caux
1377 454 1507 493 (ocean,

169 515 299 536 sources
315 510 347 535 et
375 503 520 541 fleuves).
540 501 639 534 Mari
655 501 804 535 intende
821 502 966 543 (oculis)
995 517 1024 530 =
1055 504 1159 544 aspice
1187 514 1285 533 mare.
1308 503 1390 544 Voy.
1411 503 1506 544 chap.

169 561 201 592 7,
222 559 249 593 5.
273 571 310 576 -
340 551 447 593 Lege
468 549 594 590 litoris,
615 553 661 583 les
678 551 797 583 limites
824 552 867 583 du
885 552 1003 593 rix-age.
1034 552 1126 583 Nous
1143 552 1313 593 pourrions
1329 552 1422 583 dire:
1452 551 1512 584 Ses

171 602 296 642 rivages
322 601 541 632 l'enchainent
573 600 592 632 ὲ
620 602 704 632 leurs
732 600 802 632 lois.
837 600 888 632 Cf.
921 601 999 642 Job,
1029 600 1082 641 38,
1111 600 1184 632 8-11
1204 613 1211 631 z
1245 601 1328 640 Quis
1357 601 1512 631 conclusit

168 652 261 682 ostiis
276 661 377 688 mare,
392 650 523 690 quando
539 650 728 690 erumpebat
737 650 753 680 ἕ
783 650 994 680 Circumdedi
1008 650 1099 680 illud
1110 651 1264 680 terminis
1280 651 1359 680 meis
1374 654 1405 680 el
1413 650 1514 690 posui

169 706 284 731 vectem
301 704 330 730 et
352 700 444 730 ostia.
467 699 514 730 Et
529 699 626 729 dixi:
659 699 766 739 Usque
783 699 846 729 buc
860 699 980 735 venies,
999 703 1029 729 et
1058 709 1122 729 non
1134 699 1281 739 procedes
1309 699 1463 739 amplius,
1483 702 1512 728 et

170 749 223 779 lzz'c
237 748 422 790 confi-ingres
432 752 593 778 tumentes
598 748 728 789 stactus
743 752 822 778 tuos.
843 765 885 770 —
901 745 1080 788 Quicquid
1095 745 1273 785 arborum,
1291 746 1365 788 gen.
1383 747 1424 778 de
1442 746 1511 778 l’es-

171 795 250 839 pece
267 809 275 833 ;
291 797 331 828 cs.
354 805 384 834 2,
401 805 430 836 3.
451 815 492 819 -—
521 794 641 838 Quam
664 794 855 833 animatur,
886 807 959 837 voy.
975 796 997 834 ξ
1015 804 1033 837 5
1050 809 1056 827 :
1084 807 1185 836 quam
1214 797 1277 827 lale
1293 796 1451 827 tenditur.
1473 813 1510 818 —

172 844 204 877 E
221 847 341 878 terrae
353 843 564 877 visceribus.
586 845 670 883 Cic.‚
687 845 738 876 De
754 854 786 875 n.
807 846 852 882 d.‚
873 854 904 883 2,
927 853 1008 876 120:
1038 856 1148 876 eorum
1175 856 1258 885 quae
1279 846 1474 885 gzjgymnlur
1498 855 1513 875 e

170 899 261 926 terra
276 896 432 936 stirpes...
451 905 466 925 e
482 899 571 924 terra
590 905 704 924 sucum
717 894 859 924 trallunt
871 904 934 934 quo
949 894 1091 924 alantur
1105 904 1142 924 ea
1157 905 1240 934 quae
1256 894 1422 924 radicibus
1440 904 1512 924 con-

170 945 332 975 tinentur.
365 962 407 966 —
426 940 636 983 Reciprocis
663 940 838 980 aestibus,
858 943 888 974 le
905 942 971 974 flux
999 948 1032 974 et
1049 943 1079 973 le
1095 942 1207 973 reflux.
1242 961 1282 965 —
1299 941 1425 980 Venis,
1444 943 1509 974 abl.

171 992 340 1034 d’origine.
362 1011 403 1014 —
421 990 577 1032 Semper
594 989 768 1023 exercitis
786 1000 802 1023 ‹<
817 991 964 1033 toujours
980 1002 1021 1022 en
1038 998 1248 1022 mouvement
1264 999 1294 1023 ».

213 1089 260 1124 10.
283 1088 379 1131 Quid
391 1088 527 1130 loquar,
546 1099 625 1120 avec
642 1088 824 1120 l’accusatif
834 1100 844 1126 ;
861 1089 901 1120 cf.
923 1096 953 1130 5,
977 1098 1025 1120 10.
1043 1107 1084 1112 —-
1099 1087 1218 1121 Recta
1233 1087 1420 1127 montium,
1441 1090 1514 1131 plus

170 1139 372 1181 pittoresque
398 1149 463 1180 que
491 1143 587 1169 rectos
603 1143 735 1174 montes,
754 1138 844 1168 colles
858 1138 978 1179 flexos,
991 1143 1154 1179 porrectos
1180 1144 1314 1179 campos.
1343 1137 1433 1170 C'est
1449 1148 1512 1169 une

170 1188 392 1219 construction
410 1186 563 1228 poetique
580 1192 612 1217 et
640 1186 889 1228 post-classique
905 1187 946 1218 de
963 1186 1124 1228 l'adjectif
1147 1193 1260 1218 neutre
1277 1187 1342 1228 pris
1362 1187 1510 1218 substan-

170 1237 329 1269 tivement
345 1241 378 1267 et
394 1235 575 1267 determine
593 1246 649 1276 par
667 1246 710 1266 un
725 1233 799 1276 gen.
820 1235 952 1276 partitif.
974 1236 1056 1277 Voy.
1080 1244 1108 1273 1,
1128 1246 1157 1274 4.
1190 1235 1273 1273 Cic.‚
1293 1236 1346 1267 De
1361 1244 1394 1267 n.
1414 1236 1460 1273 d.‚
1481 1243 1511 1273 2,

170 1285 212 1325 98
229 1298 236 1317 :
254 1286 416 1316 montium
434 1285 631 1315 altitudines
648 1285 944 1325 immensitatesque
960 1291 1158 1325 camporum.
1179 1284 1298 1324 Justin,
1317 1293 1372 1324 41,
1396 1293 1422 1321 1,
1447 1292 1480 1315 11
1506 1296 1513 1314 ε

163 1335 336 1377 profunda
362 1339 562 1374 camporum,
586 1337 771 1374 praerupta
795 1333 926 1364 collium
944 1335 1171 1374 monliumque
1198 1335 1315 1364 ardua.
1348 1353 1389 1356 —
1415 1332 1513 1374 Apte

171 1381 382 1425 disposita«
396 1381 570 1413 distribues
594 1392 674 1413 avec
696 1388 788 1413 art».
806 1400 848 1404 —
863 1380 1051 1414 Adversus
1075 1391 1160 1415 sese
1183 1381 1334 1414 tutelam
1348 1390 1365 1413 «
1379 1392 1515 1424 moyens

171 1434 213 1465 de
229 1432 361 1464 defense
377 1431 474 1474 qu’ils
503 1436 559 1462 ont
578 1432 625 1462 les
642 1441 702 1462 uns
719 1437 831 1462 contre
848 1432 894 1462 les
922 1437 1029 1463 autres
1044 1439 1071 1463 ›>.
1106 1432 1134 1462 11
1151 1443 1172 1472 y
1187 1443 1206 1462 a
1223 1431 1301 1463 trois
1317 1442 1457 1473 groupes
1473 1431 1514 1462 de

172 1483 258 1514 deux
274 1494 281 1512 :
299 1482 425 1512 alias...
445 1481 570 1511 alias...
590 1485 658 1511 et...
677 1485 746 1510 et...
766 1485 864 1510 aut...
891 1485 958 1510 aut.
989 1479 1148 1521 Symetrie
1164 1486 1197 1511 et
1213 1480 1334 1512 variete'
1351 1491 1391 1511 en
1408 1479 1515 1512 meme

172 1536 279 1572 temps
306 1530 388 1561 dans
404 1530 436 1560 la
463 1528 711 1564 construction;
739 1539 792 1559 ces
816 1528 901 1559 deux
928 1528 1068 1570 qualites
1095 1540 1129 1560 56
1157 1535 1344 1560 retrouvent
1371 1529 1453 1560 dans
1470 1530 1516 1560 les

173 1586 355 1615 tournures,
385 1584 523 1609 souvent
552 1577 792 1619 pittoresques:
823 1578 868 1608 les
885 1588 998 1609 cornes
1026 1583 1099 1609 sont
1127 1578 1185 1609 des
1211 1589 1328 1615 armes,
1359 1579 1405 1609 les
1421 1578 1516 1609 dents

172 1629 314 1660 forment
337 1637 401 1658 une
425 1626 550 1658 cl6ture
567 1625 705 1667 (saepes,
733 1620 836 1669 ἕρκος
861 1623 1048 1666 ὀδόντων),
1068 1633 1128 1657 etc.
1150 1626 1234 1658 Cic..
1262 1627 1368 1664 ibid..,
1390 1635 1420 1664 2,
1444 1635 1515 1658 121:

173 1677 415 1709 Animantium
442 1677 527 1706 aliae
554 1676 651 1705 coriis
677 1680 772 1706 testae
796 1680 885 1712 sunt,
916 1676 1001 1706 aliae
1027 1676 1121 1706 villis
1143 1677 1286 1712 vestitae,
1305 1676 1391 1706 aliae
1411 1677 1518 1717 spinis

174 1727 343 1763 hirsutae:
363 1726 484 1766 pluma
510 1725 606 1761 alias,
627 1725 713 1754 alias
735 1735 873 1764 squama
896 1725 1044 1754 videmus
1063 1725 1212 1755 obductas
1220 1735 1233 1761 ;
1255 1725 1341 1755 alias
1366 1735 1429 1756 esse
1451 1735 1515 1755 cor-

173 1776 273 1806 nibus
295 1779 452 1811 amnatas,
472 1774 559 1803 alias
581 1773 695 1803 hahere
709 1773 831 1813 efftgv'a
839 1774 1040 1813 pinnarum.
1062 1773 1112 1804 Cf.
1134 1774 1190 1810 ib„
1209 1774 1226 1810 ξ
1243 1781 1312 1811 127.
1336 1773 1441 1807 Lact..
1466 1774 1518 1805 De

173 1824 297 1866 opificio
325 1823 401 1854 Dei.
430 1831 459 1860 2,
481 1831 508 1863 3.
546 1840 583 1844 -
614 1820 644 1853 F
647 1821 784 1853 undare
815 1822 971 1853 «donner
1003 1832 1065 1852 une
1097 1822 1173 1852 base
1204 1821 1339 1853 solide»
1356 1834 1364 1859 ;
1395 1823 1518 1863 spic-are

175 1881 192 1904 <‹
207 1872 316 1913 garnir
332 1871 410 1902 d'un
427 1870 490 1912 epi,
510 1870 608 1901 d’une
626 1870 737 1911 pointe
753 1879 769 1901 »
787 1881 795 1907 ;
805 1871 926 1911 pedum
942 1871 1102 1901 celeritate
1119 1869 1138 1910 (
1145 1882 1175 1895 =
1192 1871 1330 1911 pedibus
1341 1871 1517 1911 celeribus)

174 1921 417 1959 liberasssibres
432 1919 618 1961 griiceii...)
647 1924 707 1949 aut
721 1920 858 1950 elatione
877 1920 1067 1960 pinnarum
1093 1920 1141 1957 (=
1162 1921 1284 1960 pinnis
1309 1920 1414 1955 elatis,
1438 1920 1517 1951 ailes

173 1970 231 2012 qui
246 1968 403 2001 §elevent
428 1969 509 1999 dans
525 1969 572 1999 les
587 1968 666 2006 aits)
683 1980 689 1999 z
708 1967 866 1999 l’abstrait
883 1978 964 2009 pour
981 1968 1010 1999 16
1027 1974 1168 1999 concret.

217 2067 261 2101 11.
285 2066 412 2108 Ipsa...
437 2064 674 2107 pulchritudo.
707 2066 771 2097 Les
796 2077 891 2096 noms
915 2066 1066 2097 abstraits
1094 2077 1134 2097 en
1153 2067 1242 2097 -tmlo
1259 2071 1431 2108 marquant
1455 2076 1517 2097 une

174 2115 298 2159 qualite
325 2121 400 2147 sont
426 2116 498 2157 plus
515 2126 600 2145 rares
617 2114 636 2145 ἐι
662 2114 813 2156 l’epoque
841 2115 1000 2156 classique
1024 2125 1088 2156 que
1105 2125 1186 2145 ceux
1203 2125 1243 2146 en
1262 2116 1348 2145 ⁴itas.
1371 2115 1419 2146 M.
1442 2115 1478 2145 F.
1498 2126 1517 2146 a

175 2176 293 2197 encore
324 2164 496 2201 clarz'lud0‚
519 2163 699 2205 jbrtitudo,
731 2164 932 2203 magnitudo,
962 2164 1144 2204 turpitudo,
1161 2164 1320 2195 valetudo.
1350 2182 1391 2186 —
1417 2162 1515 2204 Ipsa,

177 2221 194 2247 <(
211 2213 230 2246 ὲ
247 2215 309 2245 6116
333 2214 422 2245 seule
436 2220 478 2249 »ς
506 2212 544 2243 cf.
566 2220 597 2250 2,
622 2220 646 2242 1.
669 2212 753 2249 Cic.‚
785 2212 836 2243 De
861 2217 929 2242 nat.
960 2213 1006 2249 d.‚
1036 2220 1062 2249 Ι,
1087 2219 1151 2250 47;
1179 2223 1262 2253 quae
1273 2213 1406 2254 figycra.
1435 2223 1518 2253 quae

175 2264 291 2304 species
306 2263 455 2293 humana
463 2266 566 2302 potest
592 2272 655 2292 esse
665 2262 840 2302 pulchrior
851 2261 867 2291 ?
883 2279 924 2283 —
943 2259 1109 2299 Fatetur,
1129 2269 1147 2293 <(
1159 2266 1289 2299 atteste,
1306 2262 1471 2302 proclame
1485 2269 1512 2292 ».

178 2310 309 2344 Status
326 2309 476 2352 rigidus,
497 2318 514 2342 «
528 2310 612 2340 droit
629 2318 657 2347 »,
680 2321 750 2351 roy.
763 2310 813 2341 ch.
825 2316 874 2350 17,
895 2318 913 2341 2
930 2315 962 2341 et
981 2311 1086 2347 Lact.‚
1105 2310 1150 2341 D.
1172 2311 1215 2345 l.,
1236 2318 1267 2346 2,
1291 2317 1338 2349 17,
1358 2318 1378 2349 9
1395 2310 1516 2341 :homi-

177 2372 250 2392 nem
265 2360 596 2402 rigidumfiguravit.
621 2378 660 2381 —
680 2359 721 2390 ln
746 2357 905 2400 specula,
925 2367 941 2390 (ί
956 2359 1176 2390 observatoire
1191 2368 1219 2391 ».
1240 2358 1290 2391 Cf.
1311 2359 1397 2395 Cic„
1413 2359 1464 2390 De
1480 2370 1512 2390 u.
