1619 2596
208 44 294 87 162
671 52 1063 84 coMMENTAmE.

200 179 229 208 p.
255 173 403 206 124-125.
425 183 465 188 -—
485 163 556 196 Per
576 161 695 196 officia
715 169 747 194 et
767 160 911 194 indiciis
927 169 1001 194 sont
1017 163 1102 194 deux
1121 169 1207 194 mots
1222 163 1391 201 abstraits‚
1408 165 1464 206 qui
1481 168 1539 196 ont

200 216 238 246 ici
256 226 298 246 un
316 224 392 245 sens
407 218 542 244 concret
562 224 569 243 :
582 218 644 253 per
659 212 830 242 ministros
852 217 881 241 et
898 212 1029 242 indices.
1053 212 1146 242 Rem.
1169 211 1295 243 l'oralio
1310 214 1446 243 variata
1462 211 1541 254 (per

200 272 231 295 et
257 263 363 300 Face„
384 262 456 304 puis
481 261 570 292 l'abl.
591 261 632 292 de
658 261 802 301 moyen).
836 261 968 298 Senem,
989 261 1115 301 Epz'sl.,
1135 268 1187 300 95,
1207 268 1247 299 47
1269 272 1276 291 :
1303 261 1381 291 Non
1407 263 1539 302 quaerit

201 314 369 343 ministros
384 312 470 342 deus.
491 327 532 332 —
551 309 593 341 In
609 307 699 341 sinu.
720 309 803 350 Voy.
825 310 857 340 la
874 309 917 340 fin
934 309 977 340 du
995 310 1055 340 cha
1063 320 1091 350 p.
1114 308 1301 349 prt'ectfflent.

241 414 308 448 2-5.
331 412 485 453 Rbponse
510 424 549 443 au
578 412 672 453 chap.
694 412 737 449 X,
756 421 786 450 4.
807 427 844 431 -
872 409 949 443 Sed
974 422 1016 442 ou
1041 412 1098 442 sed
1120 413 1208 442 enim
1227 422 1308 453 pour
1324 417 1358 442 al
1373 414 1462 443 em'm
1479 413 1534 450 (cf.

202 471 253 505 25,
277 473 315 501 13
344 471 396 504 32,
424 473 443 501 4
468 468 499 494 et
527 463 569 501 7).
602 460 756 502 Roponse
783 460 802 491 ἐι
829 459 1018 502 l’objection
1043 460 1087 492 du
1113 460 1208 502 chap.
1245 470 1294 498 10,
1315 471 1342 499 4.
1364 477 1405 482 —
1433 460 1539 502 Quod

480 1952 533 1976 Arc
551 1950 586 1975 de
604 1949 746 1982 triomphe
764 1951 799 1976 de
820 1950 914 1983 Titus,
931 1949 1089 1983 vainqueur
1107 1950 1157 1976 des
1175 1949 1259 1982 Juifs.

199 2042 396 2076 coluerunt.
416 2044 512 2075 Celte
529 2044 732 2085 proposition
749 2051 798 2076 est
815 2045 899 2086 sujet
915 2045 956 2076 de
966 2045 1121 2086 profm't;
1145 2044 1184 2076 cf.
1207 2053 1257 2084 31,
1279 2052 1306 2083 7.
1328 2062 1368 2066 —
1389 2043 1439 2076 Et
1467 2042 1538 2085 ipsi

200 2102 218 2126 <(
235 2104 296 2125 eux
313 2093 399 2124 aussi
418 2100 434 2124 >>
450 2104 457 2128 ;
471 2093 510 2123 cf.
536 2101 562 2130 1,
583 2102 612 2133 3.
629 2112 671 2116 -—
685 2092 816 2125 Priora
838 2096 875 2125 et
897 2093 1114 2134 posteriora,
1134 2092 1303 2134 employ6s
1318 2093 1536 2124 substantive-

199 2147 290 2174 ment
302 2150 318 2174 <(
333 2141 491 2173 l’histoire
507 2142 550 2172 du
568 2141 662 2183 passe'
679 2148 711 2174 et
728 2143 811 2174 celle
828 2143 871 2174 du
890 2142 1031 2184 pre'sent,
1046 2142 1206 2174 l'histoire
1222 2142 1381 2174 ancienne
1397 2149 1428 2173 et
1447 2141 1535 2173 l'his-

197 2192 279 2223 toire
295 2191 567 2231 contemporaine
584 2198 612 2223 )>.

239 2283 269 2317 3.
293 2283 342 2315 Et
366 2281 437 2324 ipsi
461 2290 478 2314 <(
496 2294 557 2314 eux
574 2283 660 2315 aussi
678 2291 695 2315 »
712 2295 720 2320 ;
737 2284 778 2315 cf.
802 2293 813 2315 1
825 2308 832 2320 ,
850 2292 878 2324 3.
899 2300 939 2304 —
955 2284 1217 2324 Dercle'qucrunl
1233 2283 1314 2315 n'est
1332 2294 1390 2325 pas
1405 2283 1489 2315 dans
1504 2284 1534 2315 le

198 2332 386 2363 manuscrit.
408 2332 453 2363 Le
470 2342 544 2363 sens
560 2331 654 2373 exige
669 2331 770 2373 qu’on
789 2333 921 2372 l'ajoute
939 2338 971 2364 et
987 2332 1066 2364 c’est
1093 2334 1121 2364 le
1146 2340 1214 2364 mot
1231 2343 1360 2374 propre,
1380 2332 1535 2381 employt}
