1619 2596
163 74 272 106 XXX
607 76 862 110 MINUCIUS
901 65 1068 110 FFiLIX.

217 202 253 235 4.
276 190 420 237 Epist,
447 202 504 237 70,
526 202 545 240 5
569 191 740 241 (Migne,
765 193 856 238 PL.‚
878 193 1014 239 XXII,
1037 205 1072 241 p.
1098 193 1218 239 668):
1254 192 1423 230 Veniam
1452 193 1506 231 ad

166 253 340 292 Latinos.
376 255 484 304 Quid
514 255 761 294 Tertulliano
791 256 996 304 eruditius,
1021 256 1117 306 quid
1138 257 1326 295 acutius?
1362 258 1506 306 Apolo-

157 319 299 366 geficus
325 320 411 368 ejus
441 327 481 357 et
516 321 662 358 Contra
680 326 807 369 gentes
827 323 924 358 libri
940 331 1124 359 cunctam
1153 322 1299 360 saeculi
1321 322 1508 360 obtinent

165 384 393 432 (continent
412 385 446 434 Ρ)
477 384 745 435 disciplinam.
784 386 987 424 Minucius
1014 386 1133 433 Felix,
1171 386 1397 425 causidicus
1427 388 1508 425 Ro-

166 449 272 487 mani
294 450 366 488 fori
395 450 435 488 in
453 450 554 488 libro
570 451 634 489 cui
655 451 791 489 titulus
813 452 998 490 Octavius
1014 462 1083 498 est,
1102 460 1140 490 et
1162 451 1200 489 in
1217 453 1341 490 altero
1358 453 1509 490 Contra

165 516 473 563 Mathematicos‚
507 517 538 555 si
563 525 696 555 tamen
727 517 933 567 inscriptio
966 530 1048 555 non
1072 517 1259 555 mentitur
1289 527 1507 564 auctorem,

165 579 262 628 quid
281 580 488 629 gentilium
511 581 790 632 scripturarum
808 582 957 619 dimisit
978 582 1168 619 intactum
1186 583 1202 618 ?
1223 583 1323 619 Pm’s
1341 583 1375 619 il
1399 583 1511 631 parle

162 646 367 691 d’Arnobe,
389 647 432 683 de
450 648 648 693 Lactance,
669 647 714 683 de
745 648 912 684 Victoria
939 649 970 684 le
997 648 1173 695 Marsya
1194 649 1238 685 de
1259 648 1298 686 S.
1326 648 1506 696 Cypriam,

157 713 212 748 du
231 710 446 755 confesseur
466 713 656 748 Hilarius
674 719 711 748 et
728 712 772 748 de
782 713 993 761 juvencus.

216 788 248 826 5.
268 778 398 825 Epist.
422 780 485 823 60,
502 777 558 813 ad
568 778 827 814 ,Heliodorum
853 777 1010 828 (Migne
1034 779 1124 826 PL„
1144 787 1167 816 t.
1185 779 1325 824 XXII,
1343 791 1379 828 p.
1397 779 1504 828 595).

158 843 202 879 Il
219 844 336 891 parle
365 843 408 879 de
436 845 456 880 l
465 843 664 880 erudition
685 845 729 880 de
754 843 1004 892 Nepotianus,
1029 846 1101 893 qui
1117 845 1229 881 citait
1245 844 1270 882 ἁ
1280 850 1429 893 propos
1449 846 1505 881 les

158 909 384 957 apologistes
402 909 612 946 clzrbtienn
638 910 756 953 Illud,
779 909 924 955 aiebat,
947 909 1196 955 Tertulliani,
1220 909 1326 948 istud
1348 909 1508 960 Cypria-

159 973 210 1020 ni,
230 973 328 1011 illud
352 973 497 1011 Hilarii
532 982 602 1012 est.
640 974 705 1012 Sic
744 974 948 1012 Minucius
987 976 1106 1021 Felix,
1131 975 1184 1012 ita
1203 975 1442 1022 Victorinus,
1466 975 1506 1012 in

160 1038 268 1075 hunc
291 1039 456 1076 modum
478 1046 537 1076 est
557 1040 715 1076 locutus
738 1039 950 1077 Arnobius.

215 1105 249 1140 6.
271 1104 402 1152 Epist.
428 1105 478 1149 48
501 1103 669 1153 (Migne,
694 1106 786 1150 PL,
810 1106 945 1151 XXII,
969 1118 1005 1154 p.
1033 1106 1126 1154 502)
1148 1120 1154 1142 :
1176 1106 1313 1144 Taceo
1341 1107 1392 1144 de
1423 1105 1506 1143 lati-

160 1168 220 1206 nis
247 1169 516 1218 scriptoribus,
536 1169 797 1215 Tertulliano,
822 1171 1036 1220 Cypriano,
1061 1170 1254 1218 Minucio,
1282 1171 1506 1217 Lactantio,

161 1233 329 1271 Hilario.
1280 1232 1283 1233 ⁷

215 1311 247 1346 7.
276 1299 419 1336 Comm.
442 1301 483 1336 iti
505 1300 660 1337 Isaiam
676 1301 919 1349 proplietam,
945 1302 1064 1346 VIII,
1080 1301 1192 1350 praefi
1217 1300 1387 1350 (Migne,
1410 1303 1504 1346 PL,

159 1365 308 1411 XXIV,
332 1378 369 1414 p.
391 1364 485 1413 289)
505 1380 512 1402 τ
535 1365 615 1413 Qui
638 1364 669 1403 si
690 1366 841 1404 flumen
862 1367 1118 1415 eloquentiae
1139 1375 1178 1405 et
1198 1367 1418 1405 concinnas
1438 1368 1504 1405 de-

159 1430 422 1468 clamationes
442 1430 685 1478 desiderant‚
708 1433 843 1481 legant
863 1432 1055 1478 Tullium,
1072 1433 1370 1481 Quintilianum
1391 1456 1441 1461 -—
1463 1441 1502 1470 et

159 1503 202 1532 ut
233 1496 283 1532 ad
314 1503 472 1532 nostros
507 1495 676 1542 veniam,
725 1496 1029 1543 Tertullianum,
1078 1496 1334 1546 Cyprianum,
1371 1497 1506 1535 Minu-

157 1560 276 1602 cium.
295 1560 531 1607 Arnobium,
550 1561 812 1607 Lactantium‚
832 1561 1044 1599 Hilarium.

354 1710 397 1748 S.
417 1710 577 1746 Euclzer
597 1708 768 1759 (eveque
788 1710 838 1748 de
861 1710 984 1758 Lyon,
1008 1719 1110 1747 mort
1131 1723 1182 1748 en
1203 1712 1310 1760 450).

214 1824 248 1859 8.
273 1823 403 1872 Epist.
414 1823 667 1872 paraenetica
697 1823 752 1859 ad
779 1823 1031 1859 Valerianmn
1054 1823 1115 1871 (M
1121 1823 1223 1873 igne,
1248 1824 1338 1870 PL.,
1355 1824 1432 1861 vol.
1455 1824 1503 1868 Lr

158 1900 194 1937 p.
221 1890 342 1937 719):
372 1888 423 1925 Et
448 1888 611 1937 quando
637 1888 880 1925 clarissimos
909 1888 1106 1935 facundia,
1141 1888 1397 1935 Firmianum,
1428 1887 1504 1926 Mi-

158 1952 335 2000 nucium,
373 1953 629 2004 Cyprianum,
666 1952 876 1998 Hilarium,
911 1955 1122 2002 Joannem,
1160 1954 1418 1992 Ambrosium
1453 1966 1504 1992 ex

157 2018 225 2055 illo
245 2018 447 2057 volumine
469 2018 764 2057 numerositatis
785 2020 967 2056 evolvam
984 2020 1000 2055 ?
