<?xml version="1.0" encoding="UTF-8"?>
<!DOCTYPE html PUBLIC "-//W3C//DTD XHTML 1.0 Transitional//EN"
    "http://www.w3.org/TR/xhtml1/DTD/xhtml1-transitional.dtd">
<html xmlns="http://www.w3.org/1999/xhtml" xml:lang="en" lang="en">
 <head>
  <title>
</title>
<meta http-equiv="Content-Type" content="text/html;charset=utf-8" />
  <meta name='ocr-system' content='tesseract 3.04.00' />
  <meta name='ocr-capabilities' content='ocr_page ocr_carea ocr_par ocr_line ocrx_word'/>
</head>
<body>
  <div class='ocr_page' id='page_1' title='image "./octaviusparjpwal00minuuoft_0044.png"; bbox 0 0 1619 2596; ppageno 0'>
   <div class='ocr_carea' id='block_1_1' title="bbox 113 51 916 95">
    <p class='ocr_par' dir='ltr' id='par_1_1' title="bbox 113 51 916 95">
     <span class='ocr_line' id='line_1_1' title="bbox 113 51 916 95; baseline -0.002 0"><span class='ocrx_word' id='word_1_1' title='bbox 113 51 142 95; x_wconf 83' lang='lat'>6</span> <span class='ocrx_word' id='word_1_2' title='bbox 653 62 916 93; x_wconf 74' lang='lat' dir='ltr'>ocrAvms.</span> 
     </span>
    </p>
   </div>
   <div class='ocr_carea' id='block_1_2' title="bbox 1310 129 1450 132">
    <p class='ocr_par' dir='ltr' id='par_1_2' title="bbox 1310 129 1450 132">
     <span class='ocr_line' id='line_1_2' title="bbox 1310 129 1450 132; baseline 0 0"><span class='ocrx_word' id='word_1_3' title='bbox 1310 129 1450 132; x_wconf 95' lang='lat' dir='ltr'> </span> 
     </span>
    </p>
   </div>
   <div class='ocr_carea' id='block_1_3' title="bbox 105 170 1482 2368">
    <p class='ocr_par' dir='ltr' id='par_1_3' title="bbox 105 170 1477 1904">
     <span class='ocr_line' id='line_1_3' title="bbox 105 170 1455 222; baseline -0.002 -12"><span class='ocrx_word' id='word_1_4' title='bbox 105 171 288 222; x_wconf 84' lang='lat' dir='ltr'>excipere</span> <span class='ocrx_word' id='word_1_5' title='bbox 306 171 572 221; x_wconf 83' lang='lat' dir='ltr'>disciplinam,</span> <span class='ocrx_word' id='word_1_6' title='bbox 596 170 807 220; x_wconf 78' lang='lat' dir='ltr'>religiones</span> <span class='ocrx_word' id='word_1_7' title='bbox 828 171 990 209; x_wconf 88' lang='lat' dir='ltr'>traditas</span> <span class='ocrx_word' id='word_1_8' title='bbox 1011 171 1152 216; x_wconf 82' lang='lat' dir='ltr'>colere,</span> <span class='ocrx_word' id='word_1_9' title='bbox 1176 171 1287 215; x_wconf 87' lang='lat' dir='ltr'>deos,</span> <span class='ocrx_word' id='word_1_10' title='bbox 1311 182 1412 219; x_wconf 87' lang='lat' dir='ltr'>quos</span> <span class='ocrx_word' id='word_1_11' title='bbox 1431 183 1455 207; x_wconf 90' lang='lat' dir='ltr'>a</span> 
     </span>
     <span class='ocr_line' id='line_1_4' title="bbox 106 234 1454 287; baseline -0.002 -13"><span class='ocrx_word' id='word_1_12' title='bbox 106 237 337 287; x_wconf 87' lang='lat' dir='ltr'>parentibus</span> <span class='ocrx_word' id='word_1_13' title='bbox 366 244 460 275; x_wconf 83' lang='lat' dir='ltr'>ante</span> <span class='ocrx_word' id='word_1_14' title='bbox 494 236 656 274; x_wconf 86' lang='lat' dir='ltr'>inbutus</span> <span class='ocrx_word' id='word_1_15' title='bbox 691 249 732 273; x_wconf 91' lang='lat' dir='ltr'>es</span> <span class='ocrx_word' id='word_1_16' title='bbox 766 235 905 274; x_wconf 89' lang='lat' dir='ltr'>timere</span> <span class='ocrx_word' id='word_1_17' title='bbox 926 248 1046 285; x_wconf 90' lang='lat' dir='ltr'>quarn</span> <span class='ocrx_word' id='word_1_18' title='bbox 1069 248 1186 273; x_wconf 83' lang='lat' dir='ltr'>nosse</span> <span class='ocrx_word' id='word_1_19' title='bbox 1211 234 1454 282; x_wconf 83' lang='lat' dir='ltr'>familiarius,</span> 
     </span>
     <span class='ocr_line' id='line_1_5' title="bbox 107 298 1456 348; baseline -0.002 -9"><span class='ocrx_word' id='word_1_20' title='bbox 107 302 283 348; x_wconf 84' lang='lat' dir='ltr'>adorare,</span> <span class='ocrx_word' id='word_1_21' title='bbox 316 314 391 340; x_wconf 89' lang='lat' dir='ltr'>nec</span> <span class='ocrx_word' id='word_1_22' title='bbox 410 302 461 340; x_wconf 86' lang='lat' dir='ltr'>de</span> <span class='ocrx_word' id='word_1_23' title='bbox 492 300 724 339; x_wconf 82' lang='lat' dir='ltr'>numinibus</span> <span class='ocrx_word' id='word_1_24' title='bbox 751 301 849 338; x_wconf 86' lang='lat' dir='ltr'>ferre</span> <span class='ocrx_word' id='word_1_25' title='bbox 881 300 1132 345; x_wconf 83' lang='lat' dir='ltr'>sententiam,</span> <span class='ocrx_word' id='word_1_26' title='bbox 1156 299 1227 337; x_wconf 82' lang='lat' dir='ltr'>sed</span> <span class='ocrx_word' id='word_1_27' title='bbox 1259 298 1456 348; x_wconf 86' lang='lat' dir='ltr'>prioribus</span> 
     </span>
     <span class='ocr_line' id='line_1_6' title="bbox 107 364 1457 416; baseline -0.002 -11"><span class='ocrx_word' id='word_1_28' title='bbox 107 368 281 414; x_wconf 89' lang='lat' dir='ltr'>credere,</span> <span class='ocrx_word' id='word_1_29' title='bbox 305 366 373 416; x_wconf 87' lang='lat' dir='ltr'>qui</span> <span class='ocrx_word' id='word_1_30' title='bbox 393 367 526 405; x_wconf 87' lang='lat' dir='ltr'>adhuc</span> <span class='ocrx_word' id='word_1_31' title='bbox 548 365 638 403; x_wconf 91' lang='lat' dir='ltr'>rudi</span> <span class='ocrx_word' id='word_1_32' title='bbox 671 367 832 404; x_wconf 89' lang='lat' dir='ltr'>saeculo</span> <span class='ocrx_word' id='word_1_33' title='bbox 862 365 901 403; x_wconf 92' lang='lat' dir='ltr'>in</span> <span class='ocrx_word' id='word_1_34' title='bbox 938 365 1058 415; x_wconf 87' lang='lat' dir='ltr'>ipsius</span> <span class='ocrx_word' id='word_1_35' title='bbox 1081 364 1221 401; x_wconf 91' lang='lat' dir='ltr'>mundi</span> <span class='ocrx_word' id='word_1_36' title='bbox 1258 364 1457 402; x_wconf 85' lang='lat' dir='ltr'>natalibus</span> 
     </span>
     <span class='ocr_line' id='line_1_7' title="bbox 109 428 1459 479; baseline -0.003 -9"><span class='ocrx_word' id='word_1_37' title='bbox 109 443 337 470; x_wconf 86' lang='lat' dir='ltr'>meruerunt</span> <span class='ocrx_word' id='word_1_38' title='bbox 369 432 467 470; x_wconf 91' lang='lat' dir='ltr'>deos</span> <span class='ocrx_word' id='word_1_39' title='bbox 499 432 559 468; x_wconf 91' lang='lat' dir='ltr'>vel</span> <span class='ocrx_word' id='word_1_40' title='bbox 599 431 734 469; x_wconf 88' lang='lat' dir='ltr'>faciles</span> <span class='ocrx_word' id='word_1_41' title='bbox 773 430 921 469; x_wconf 88' lang='lat' dir='ltr'>habere</span> <span class='ocrx_word' id='word_1_42' title='bbox 953 431 1014 468; x_wconf 88' lang='lat' dir='ltr'>vel</span> <span class='ocrx_word' id='word_1_43' title='bbox 1045 428 1186 479; x_wconf 88' lang='lat' dir='ltr'>reges!</span> <span class='ocrx_word' id='word_1_44' title='bbox 1224 429 1323 467; x_wconf 91' lang='lat' dir='ltr'>Inde</span> <span class='ocrx_word' id='word_1_45' title='bbox 1357 429 1459 467; x_wconf 87' lang='lat' dir='ltr'>adeo</span> 
     </span>
     <span class='ocr_line' id='line_1_8' title="bbox 109 493 1460 548; baseline -0.003 -12"><span class='ocrx_word' id='word_1_46' title='bbox 109 511 178 548; x_wconf 90' lang='lat' dir='ltr'>per</span> <span class='ocrx_word' id='word_1_47' title='bbox 201 497 387 535; x_wconf 91' lang='lat' dir='ltr'>universa</span> <span class='ocrx_word' id='word_1_48' title='bbox 416 495 593 546; x_wconf 85' lang='lat' dir='ltr'>imperia,</span> <span class='ocrx_word' id='word_1_49' title='bbox 626 495 863 545; x_wconf 89' lang='lat' dir='ltr'>provincias,</span> <span class='ocrx_word' id='word_1_50' title='bbox 886 495 1036 545; x_wconf 91' lang='lat' dir='ltr'>oppida</span> <span class='ocrx_word' id='word_1_51' title='bbox 1066 493 1250 532; x_wconf 91' lang='lat' dir='ltr'>videmus</span> <span class='ocrx_word' id='word_1_52' title='bbox 1281 493 1460 543; x_wconf 87' lang='lat' dir='ltr'>singulos</span> 
     </span>
     <span class='ocr_line' id='line_1_9' title="bbox 110 558 1461 611; baseline -0.003 -10"><span class='ocrx_word' id='word_1_53' title='bbox 110 575 314 601; x_wconf 86' lang='lat' dir='ltr'>sacrorum</span> <span class='ocrx_word' id='word_1_54' title='bbox 336 561 432 599; x_wconf 91' lang='lat' dir='ltr'>ritus</span> <span class='ocrx_word' id='word_1_55' title='bbox 455 561 627 611; x_wconf 87' lang='lat' dir='ltr'>gentiles</span> <span class='ocrx_word' id='word_1_56' title='bbox 649 561 797 599; x_wconf 88' lang='lat' dir='ltr'>habere</span> <span class='ocrx_word' id='word_1_57' title='bbox 818 567 857 599; x_wconf 89' lang='lat' dir='ltr'>et</span> <span class='ocrx_word' id='word_1_58' title='bbox 877 560 976 599; x_wconf 91' lang='lat' dir='ltr'>deos</span> <span class='ocrx_word' id='word_1_59' title='bbox 1002 560 1133 597; x_wconf 88' lang='lat' dir='ltr'>colere</span> <span class='ocrx_word' id='word_1_60' title='bbox 1158 558 1395 609; x_wconf 86' lang='lat' dir='ltr'>municipes,</span> <span class='ocrx_word' id='word_1_61' title='bbox 1418 567 1461 597; x_wconf 86' lang='lat' dir='ltr'>ut</span> 
     </span>
     <span class='ocr_line' id='line_1_10' title="bbox 110 624 1460 676; baseline -0.002 -11"><span class='ocrx_word' id='word_1_62' title='bbox 110 627 337 666; x_wconf 90' lang='lat' dir='ltr'>Eleusinios</span> <span class='ocrx_word' id='word_1_63' title='bbox 356 627 557 672; x_wconf 87' lang='lat' dir='ltr'>Cererem,</span> <span class='ocrx_word' id='word_1_64' title='bbox 587 627 763 676; x_wconf 83' lang='lat' dir='ltr'>Phrygas</span> <span class='ocrx_word' id='word_1_65' title='bbox 789 627 971 672; x_wconf 85' lang='lat' dir='ltr'>Matrem,</span> <span class='ocrx_word' id='word_1_66' title='bbox 1000 624 1244 675; x_wconf 87' lang='lat' dir='ltr'>Epidaurios</span> <span class='ocrx_word' id='word_1_67' title='bbox 1271 625 1460 663; x_wconf 87' lang='lat' dir='ltr'>Aescula-</span> 
     </span>
     <span class='ocr_line' id='line_1_11' title="bbox 108 688 1460 743; baseline -0.003 -12"><span class='ocrx_word' id='word_1_68' title='bbox 108 693 230 743; x_wconf 91' lang='lat' dir='ltr'>pium,</span> <span class='ocrx_word' id='word_1_69' title='bbox 261 693 492 732; x_wconf 82' lang='lat' dir='ltr'>Chaldaeos</span> <span class='ocrx_word' id='word_1_70' title='bbox 514 692 673 737; x_wconf 89' lang='lat' dir='ltr'>Belum,</span> <span class='ocrx_word' id='word_1_71' title='bbox 707 693 897 729; x_wconf 86' lang='lat' dir='ltr'>Astarten</span> <span class='ocrx_word' id='word_1_72' title='bbox 920 692 1050 740; x_wconf 87' lang='lat' dir='ltr'>Syros,</span> <span class='ocrx_word' id='word_1_73' title='bbox 1079 688 1255 727; x_wconf 89' lang='lat' dir='ltr'>Dianam</span> <span class='ocrx_word' id='word_1_74' title='bbox 1277 689 1460 736; x_wconf 89' lang='lat' dir='ltr'>Taurios,</span> 
     </span>
     <span class='ocr_line' id='line_1_12' title="bbox 109 752 1462 803; baseline -0.002 -8"><span class='ocrx_word' id='word_1_75' title='bbox 109 759 247 796; x_wconf 90' lang='lat' dir='ltr'>Gallos</span> <span class='ocrx_word' id='word_1_76' title='bbox 264 759 522 803; x_wconf 84' lang='lat' dir='ltr'>Mercurium,</span> <span class='ocrx_word' id='word_1_77' title='bbox 538 757 702 794; x_wconf 76' lang='lat' dir='ltr'>numina</span> <span class='ocrx_word' id='word_1_78' title='bbox 717 756 901 795; x_wconf 90' lang='lat' dir='ltr'>universa</span> <span class='ocrx_word' id='word_1_79' title='bbox 918 757 1138 794; x_wconf 92' lang='lat' dir='ltr'>Romanos.</span> <span class='ocrx_word' id='word_1_80' title='bbox 1157 753 1216 803; x_wconf 89' lang='lat'>(2)</span> <span class='ocrx_word' id='word_1_81' title='bbox 1238 752 1303 791; x_wconf 90' lang='lat' dir='ltr'>Sic</span> <span class='ocrx_word' id='word_1_82' title='bbox 1323 766 1462 792; x_wconf 90' lang='lat' dir='ltr'>eorum</span> 
     </span>
     <span class='ocr_line' id='line_1_13' title="bbox 110 819 1461 873; baseline -0.003 -13"><span class='ocrx_word' id='word_1_83' title='bbox 110 831 286 873; x_wconf 82' lang='lat' dir='ltr'>potestas</span> <span class='ocrx_word' id='word_1_84' title='bbox 317 830 357 862; x_wconf 90' lang='lat' dir='ltr'>et</span> <span class='ocrx_word' id='word_1_85' title='bbox 391 822 604 861; x_wconf 87' lang='lat' dir='ltr'>auctoritas</span> <span class='ocrx_word' id='word_1_86' title='bbox 637 822 759 860; x_wconf 85' lang='lat' dir='ltr'>totius</span> <span class='ocrx_word' id='word_1_87' title='bbox 792 821 898 860; x_wconf 89' lang='lat' dir='ltr'>orbis</span> <span class='ocrx_word' id='word_1_88' title='bbox 929 820 1104 859; x_wconf 87' lang='lat' dir='ltr'>ambitus</span> <span class='ocrx_word' id='word_1_89' title='bbox 1144 819 1368 868; x_wconf 88' lang='lat' dir='ltr'>occupavit,</span> <span class='ocrx_word' id='word_1_90' title='bbox 1405 820 1461 857; x_wconf 86' lang='lat' dir='ltr'>sie</span> 
     </span>
     <span class='ocr_line' id='line_1_14' title="bbox 110 885 1464 939; baseline -0.002 -13"><span class='ocrx_word' id='word_1_91' title='bbox 110 889 323 939; x_wconf 90' lang='lat' dir='ltr'>imperium</span> <span class='ocrx_word' id='word_1_92' title='bbox 363 901 480 926; x_wconf 92' lang='lat' dir='ltr'>suum</span> <span class='ocrx_word' id='word_1_93' title='bbox 521 888 623 926; x_wconf 89' lang='lat' dir='ltr'>ultra</span> <span class='ocrx_word' id='word_1_94' title='bbox 658 888 754 926; x_wconf 90' lang='lat' dir='ltr'>solis</span> <span class='ocrx_word' id='word_1_95' title='bbox 794 887 875 925; x_wconf 89' lang='lat' dir='ltr'>vias</span> <span class='ocrx_word' id='word_1_96' title='bbox 908 895 947 925; x_wconf 90' lang='lat' dir='ltr'>et</span> <span class='ocrx_word' id='word_1_97' title='bbox 982 887 1104 938; x_wconf 92' lang='lat' dir='ltr'>ipsius</span> <span class='ocrx_word' id='word_1_98' title='bbox 1138 889 1282 928; x_wconf 90' lang='lat' dir='ltr'>oceani</span> <span class='ocrx_word' id='word_1_99' title='bbox 1316 885 1464 926; x_wconf 85' lang='lat' dir='ltr'>limites</span> 
     </span>
     <span class='ocr_line' id='line_1_15' title="bbox 111 952 1463 1005; baseline -0.002 -14"><span class='ocrx_word' id='word_1_100' title='bbox 111 953 360 1004; x_wconf 88' lang='lat' dir='ltr'>propagavit,</span> <span class='ocrx_word' id='word_1_101' title='bbox 383 955 480 992; x_wconf 89' lang='lat' dir='ltr'>dum</span> <span class='ocrx_word' id='word_1_102' title='bbox 503 960 690 991; x_wconf 88' lang='lat' dir='ltr'>exercent</span> <span class='ocrx_word' id='word_1_103' title='bbox 711 953 751 990; x_wconf 94' lang='lat' dir='ltr'>in</span> <span class='ocrx_word' id='word_1_104' title='bbox 765 952 884 991; x_wconf 91' lang='lat' dir='ltr'>armis</span> <span class='ocrx_word' id='word_1_105' title='bbox 900 953 1085 991; x_wconf 90' lang='lat' dir='ltr'>virtutem</span> <span class='ocrx_word' id='word_1_106' title='bbox 1104 954 1343 1005; x_wconf 83' lang='lat' dir='ltr'>religiosam,</span> <span class='ocrx_word' id='word_1_107' title='bbox 1366 953 1463 990; x_wconf 90' lang='lat' dir='ltr'>dum</span> 
     </span>
     <span class='ocr_line' id='line_1_16' title="bbox 111 1017 1460 1068; baseline -0.002 -12"><span class='ocrx_word' id='word_1_108' title='bbox 111 1019 252 1057; x_wconf 90' lang='lat' dir='ltr'>urbem</span> <span class='ocrx_word' id='word_1_109' title='bbox 290 1017 474 1056; x_wconf 89' lang='lat' dir='ltr'>muniunt</span> <span class='ocrx_word' id='word_1_110' title='bbox 513 1030 717 1056; x_wconf 88' lang='lat' dir='ltr'>sacrorum</span> <span class='ocrx_word' id='word_1_111' title='bbox 757 1017 1030 1068; x_wconf 78' lang='lat' dir='ltr'>religionibus,</span> <span class='ocrx_word' id='word_1_112' title='bbox 1068 1018 1189 1057; x_wconf 89' lang='lat' dir='ltr'>castis</span> <span class='ocrx_word' id='word_1_113' title='bbox 1230 1017 1460 1068; x_wconf 86' lang='lat' dir='ltr'>virginibus,</span> 
     </span>
     <span class='ocr_line' id='line_1_17' title="bbox 112 1082 1462 1131; baseline -0.003 -9"><span class='ocrx_word' id='word_1_114' title='bbox 112 1084 247 1122; x_wconf 89' lang='lat' dir='ltr'>multis</span> <span class='ocrx_word' id='word_1_115' title='bbox 269 1083 492 1122; x_wconf 91' lang='lat' dir='ltr'>honoribus</span> <span class='ocrx_word' id='word_1_116' title='bbox 513 1096 560 1121; x_wconf 89' lang='lat' dir='ltr'>ac</span> <span class='ocrx_word' id='word_1_117' title='bbox 575 1082 808 1121; x_wconf 89' lang='lat' dir='ltr'>nominibus</span> <span class='ocrx_word' id='word_1_118' title='bbox 830 1084 1096 1131; x_wconf 85' lang='lat' dir='ltr'>sacerdotum,</span> <span class='ocrx_word' id='word_1_119' title='bbox 1121 1085 1217 1122; x_wconf 92' lang='lat' dir='ltr'>dum</span> <span class='ocrx_word' id='word_1_120' title='bbox 1240 1082 1394 1122; x_wconf 84' lang='lat' dir='ltr'>obsessi</span> <span class='ocrx_word' id='word_1_121' title='bbox 1423 1089 1462 1119; x_wconf 91' lang='lat' dir='ltr'>et</span> 
     </span>
     <span class='ocr_line' id='line_1_18' title="bbox 113 1148 1464 1198; baseline -0.001 -12"><span class='ocrx_word' id='word_1_122' title='bbox 113 1149 212 1187; x_wconf 90' lang='lat' dir='ltr'>citra</span> <span class='ocrx_word' id='word_1_123' title='bbox 245 1150 376 1188; x_wconf 90' lang='lat' dir='ltr'>solum</span> <span class='ocrx_word' id='word_1_124' title='bbox 399 1149 646 1198; x_wconf 89' lang='lat' dir='ltr'>Capitolium</span> <span class='ocrx_word' id='word_1_125' title='bbox 668 1148 774 1198; x_wconf 86' lang='lat' dir='ltr'>capti</span> <span class='ocrx_word' id='word_1_126' title='bbox 813 1150 952 1187; x_wconf 91' lang='lat' dir='ltr'>colunt</span> <span class='ocrx_word' id='word_1_127' title='bbox 971 1150 1082 1194; x_wconf 86' lang='lat' dir='ltr'>deos,</span> <span class='ocrx_word' id='word_1_128' title='bbox 1119 1162 1220 1198; x_wconf 85' lang='lat' dir='ltr'>quos</span> <span class='ocrx_word' id='word_1_129' title='bbox 1258 1149 1358 1187; x_wconf 89' lang='lat' dir='ltr'>alius</span> <span class='ocrx_word' id='word_1_130' title='bbox 1382 1149 1464 1197; x_wconf 89' lang='lat' dir='ltr'>jam</span> 
     </span>
     <span class='ocr_line' id='line_1_19' title="bbox 113 1212 1467 1264; baseline -0.002 -12"><span class='ocrx_word' id='word_1_131' title='bbox 113 1213 329 1264; x_wconf 80' lang='lat' dir='ltr'>sprevisset</span> <span class='ocrx_word' id='word_1_132' title='bbox 351 1213 485 1260; x_wconf 88' lang='lat' dir='ltr'>iratos,</span> <span class='ocrx_word' id='word_1_133' title='bbox 508 1221 547 1251; x_wconf 89' lang='lat' dir='ltr'>et</span> <span class='ocrx_word' id='word_1_134' title='bbox 568 1227 638 1264; x_wconf 90' lang='lat' dir='ltr'>per</span> <span class='ocrx_word' id='word_1_135' title='bbox 659 1215 866 1252; x_wconf 87' lang='lat' dir='ltr'>Gallorum</span> <span class='ocrx_word' id='word_1_136' title='bbox 898 1215 1003 1253; x_wconf 87' lang='lat' dir='ltr'>acies</span> <span class='ocrx_word' id='word_1_137' title='bbox 1025 1213 1256 1252; x_wconf 87' lang='lat' dir='ltr'>mirantium</span> <span class='ocrx_word' id='word_1_138' title='bbox 1283 1212 1467 1264; x_wconf 89' lang='lat' dir='ltr'>supersti—</span> 
     </span>
     <span class='ocr_line' id='line_1_20' title="bbox 116 1277 1462 1329; baseline -0.003 -11"><span class='ocrx_word' id='word_1_139' title='bbox 116 1279 237 1318; x_wconf 88' lang='lat' dir='ltr'>tionis</span> <span class='ocrx_word' id='word_1_140' title='bbox 268 1279 480 1318; x_wconf 85' lang='lat' dir='ltr'>audaciam</span> <span class='ocrx_word' id='word_1_141' title='bbox 498 1287 666 1329; x_wconf 87' lang='lat' dir='ltr'>pergunt</span> <span class='ocrx_word' id='word_1_142' title='bbox 693 1279 780 1318; x_wconf 92' lang='lat' dir='ltr'>telis</span> <span class='ocrx_word' id='word_1_143' title='bbox 801 1279 983 1326; x_wconf 88' lang='lat' dir='ltr'>inermes,</span> <span class='ocrx_word' id='word_1_144' title='bbox 1022 1281 1095 1319; x_wconf 90' lang='lat' dir='ltr'>sed</span> <span class='ocrx_word' id='word_1_145' title='bbox 1116 1281 1226 1318; x_wconf 91' lang='lat' dir='ltr'>cultu</span> <span class='ocrx_word' id='word_1_146' title='bbox 1261 1277 1462 1329; x_wconf 88' lang='lat' dir='ltr'>religionis</span> 
     </span>
     <span class='ocr_line' id='line_1_21' title="bbox 114 1344 1464 1395; baseline -0.001 -12"><span class='ocrx_word' id='word_1_147' title='bbox 114 1344 268 1392; x_wconf 88' lang='lat' dir='ltr'>armati,</span> <span class='ocrx_word' id='word_1_148' title='bbox 292 1346 390 1384; x_wconf 90' lang='lat' dir='ltr'>dum</span> <span class='ocrx_word' id='word_1_149' title='bbox 405 1344 530 1395; x_wconf 87' lang='lat' dir='ltr'>captis</span> <span class='ocrx_word' id='word_1_150' title='bbox 552 1344 592 1382; x_wconf 91' lang='lat' dir='ltr'>in</span> <span class='ocrx_word' id='word_1_151' title='bbox 614 1344 827 1383; x_wconf 87' lang='lat' dir='ltr'>hostilibus</span> <span class='ocrx_word' id='word_1_152' title='bbox 849 1345 1060 1384; x_wconf 84' lang='lat' dir='ltr'>moenibus</span> <span class='ocrx_word' id='word_1_153' title='bbox 1081 1347 1214 1384; x_wconf 86' lang='lat' dir='ltr'>adhuc</span> <span class='ocrx_word' id='word_1_154' title='bbox 1247 1344 1464 1383; x_wconf 86' lang='lat' dir='ltr'>ferociente</span> 
     </span>
     <span class='ocr_line' id='line_1_22' title="bbox 113 1407 1467 1460; baseline -0.001 -13"><span class='ocrx_word' id='word_1_155' title='bbox 113 1409 279 1448; x_wconf 88' lang='lat' dir='ltr'>victoria</span> <span class='ocrx_word' id='word_1_156' title='bbox 312 1409 479 1448; x_wconf 92' lang='lat' dir='ltr'>numina</span> <span class='ocrx_word' id='word_1_157' title='bbox 518 1409 622 1448; x_wconf 89' lang='lat' dir='ltr'>victa</span> <span class='ocrx_word' id='word_1_158' title='bbox 655 1417 905 1457; x_wconf 88' lang='lat' dir='ltr'>venerantur,</span> <span class='ocrx_word' id='word_1_159' title='bbox 942 1411 1040 1448; x_wconf 90' lang='lat' dir='ltr'>dum</span> <span class='ocrx_word' id='word_1_160' title='bbox 1075 1410 1255 1460; x_wconf 86' lang='lat' dir='ltr'>undique</span> <span class='ocrx_word' id='word_1_161' title='bbox 1290 1407 1467 1459; x_wconf 82' lang='lat' dir='ltr'>hospites</span> 
     </span>
     <span class='ocr_line' id='line_1_23' title="bbox 114 1473 1468 1525; baseline -0.002 -13"><span class='ocrx_word' id='word_1_162' title='bbox 114 1475 214 1513; x_wconf 91' lang='lat' dir='ltr'>deos</span> <span class='ocrx_word' id='word_1_163' title='bbox 248 1482 446 1525; x_wconf 91' lang='lat' dir='ltr'>quaerunt</span> <span class='ocrx_word' id='word_1_164' title='bbox 476 1482 515 1513; x_wconf 90' lang='lat' dir='ltr'>et</span> <span class='ocrx_word' id='word_1_165' title='bbox 545 1488 639 1513; x_wconf 91' lang='lat' dir='ltr'>suos</span> <span class='ocrx_word' id='word_1_166' title='bbox 678 1475 840 1522; x_wconf 89' lang='lat' dir='ltr'>faciunt,</span> <span class='ocrx_word' id='word_1_167' title='bbox 877 1476 975 1513; x_wconf 88' lang='lat' dir='ltr'>dum</span> <span class='ocrx_word' id='word_1_168' title='bbox 1009 1489 1095 1514; x_wconf 84' lang='lat' dir='ltr'>aras</span> <span class='ocrx_word' id='word_1_169' title='bbox 1127 1482 1314 1514; x_wconf 85' lang='lat' dir='ltr'>extruunt</span> <span class='ocrx_word' id='word_1_170' title='bbox 1348 1473 1468 1513; x_wconf 89' lang='lat' dir='ltr'>etiam</span> 
     </span>
     <span class='ocr_line' id='line_1_24' title="bbox 114 1540 1471 1591; baseline -0.002 -13"><span class='ocrx_word' id='word_1_171' title='bbox 114 1540 261 1591; x_wconf 87' lang='lat' dir='ltr'>ignotis</span> <span class='ocrx_word' id='word_1_172' title='bbox 295 1540 528 1579; x_wconf 88' lang='lat' dir='ltr'>numinibus</span> <span class='ocrx_word' id='word_1_173' title='bbox 559 1548 598 1579; x_wconf 92' lang='lat' dir='ltr'>et</span> <span class='ocrx_word' id='word_1_174' title='bbox 627 1540 827 1579; x_wconf 87' lang='lat' dir='ltr'>Manibus.</span> <span class='ocrx_word' id='word_1_175' title='bbox 863 1541 922 1590; x_wconf 87' lang='lat'>(3)</span> <span class='ocrx_word' id='word_1_176' title='bbox 958 1541 1033 1586; x_wconf 84' lang='lat' dir='ltr'>Sic,</span> <span class='ocrx_word' id='word_1_177' title='bbox 1067 1542 1165 1579; x_wconf 91' lang='lat' dir='ltr'>dum</span> <span class='ocrx_word' id='word_1_178' title='bbox 1200 1540 1471 1578; x_wconf 86' lang='lat' dir='ltr'>universarum</span> 
     </span>
     <span class='ocr_line' id='line_1_25' title="bbox 114 1603 1471 1656; baseline -0.002 -12"><span class='ocrx_word' id='word_1_179' title='bbox 114 1605 295 1656; x_wconf 90' lang='lat' dir='ltr'>gentium</span> <span class='ocrx_word' id='word_1_180' title='bbox 337 1619 448 1644; x_wconf 88' lang='lat' dir='ltr'>saera</span> <span class='ocrx_word' id='word_1_181' title='bbox 486 1605 720 1656; x_wconf 90' lang='lat' dir='ltr'>suscipiunt,</span> <span class='ocrx_word' id='word_1_182' title='bbox 763 1606 884 1645; x_wconf 88' lang='lat' dir='ltr'>etiarn</span> <span class='ocrx_word' id='word_1_183' title='bbox 924 1609 1044 1656; x_wconf 85' lang='lat' dir='ltr'>re&#39;gna</span> <span class='ocrx_word' id='word_1_184' title='bbox 1084 1612 1322 1644; x_wconf 80' lang='lat' dir='ltr'>meruerunt.</span> <span class='ocrx_word' id='word_1_185' title='bbox 1361 1603 1471 1642; x_wconf 91' lang='lat' dir='ltr'>Hinc</span> 
     </span>
     <span class='ocr_line' id='line_1_26' title="bbox 115 1670 1473 1722; baseline -0.003 -12"><span class='ocrx_word' id='word_1_186' title='bbox 115 1679 332 1722; x_wconf 91' lang='lat' dir='ltr'>perpetuus</span> <span class='ocrx_word' id='word_1_187' title='bbox 367 1670 634 1710; x_wconf 88' lang='lat' dir='ltr'>venerationis</span> <span class='ocrx_word' id='word_1_188' title='bbox 670 1678 786 1710; x_wconf 88' lang='lat' dir='ltr'>tenor</span> <span class='ocrx_word' id='word_1_189' title='bbox 807 1671 963 1719; x_wconf 83' lang='lat' dir='ltr'>mansit,</span> <span class='ocrx_word' id='word_1_190' title='bbox 997 1671 1065 1721; x_wconf 90' lang='lat' dir='ltr'>qui</span> <span class='ocrx_word' id='word_1_191' title='bbox 1087 1672 1207 1720; x_wconf 89' lang='lat' dir='ltr'>longa</span> <span class='ocrx_word' id='word_1_192' title='bbox 1227 1677 1359 1709; x_wconf 89' lang='lat' dir='ltr'>aetate</span> <span class='ocrx_word' id='word_1_193' title='bbox 1389 1681 1473 1707; x_wconf 91' lang='lat' dir='ltr'>non</span> 
     </span>
     <span class='ocr_line' id='line_1_27' title="bbox 116 1733 1474 1786; baseline -0.001 -13"><span class='ocrx_word' id='word_1_194' title='bbox 116 1735 352 1785; x_wconf 80' lang='lat' dir='ltr'>infringitur,</span> <span class='ocrx_word' id='word_1_195' title='bbox 376 1736 448 1774; x_wconf 92' lang='lat' dir='ltr'>sed</span> <span class='ocrx_word' id='word_1_196' title='bbox 469 1742 634 1785; x_wconf 88' lang='lat' dir='ltr'>augetur</span> <span class='ocrx_word' id='word_1_197' title='bbox 653 1751 660 1773; x_wconf 91' lang='lat'>:</span> <span class='ocrx_word' id='word_1_198' title='bbox 677 1735 827 1786; x_wconf 89' lang='lat' dir='ltr'>quippe</span> <span class='ocrx_word' id='word_1_199' title='bbox 847 1736 1066 1786; x_wconf 84' lang='lat' dir='ltr'>antiqu-itas</span> <span class='ocrx_word' id='word_1_200' title='bbox 1085 1733 1337 1773; x_wconf 82' lang='lat' dir='ltr'>caerimoniis</span> <span class='ocrx_word' id='word_1_201' title='bbox 1353 1741 1474 1783; x_wconf 85' lang='lat' dir='ltr'>atque</span> 
     </span>
     <span class='ocr_line' id='line_1_28' title="bbox 115 1800 1477 1850; baseline -0.002 -12"><span class='ocrx_word' id='word_1_202' title='bbox 115 1801 217 1839; x_wconf 88' lang='lat' dir='ltr'>fanis</span> <span class='ocrx_word' id='word_1_203' title='bbox 233 1808 390 1839; x_wconf 86' lang='lat' dir='ltr'>tantum</span> <span class='ocrx_word' id='word_1_204' title='bbox 408 1800 629 1839; x_wconf 87' lang='lat' dir='ltr'>sanctitatis</span> <span class='ocrx_word' id='word_1_205' title='bbox 650 1800 821 1840; x_wconf 89' lang='lat' dir='ltr'>tribuere</span> <span class='ocrx_word' id='word_1_206' title='bbox 837 1801 1046 1840; x_wconf 86' lang='lat' dir='ltr'>consuevit</span> <span class='ocrx_word' id='word_1_207' title='bbox 1064 1807 1258 1850; x_wconf 85' lang='lat' dir='ltr'>quantum</span> <span class='ocrx_word' id='word_1_208' title='bbox 1278 1800 1477 1837; x_wconf 89' lang='lat' dir='ltr'>adstruxe-</span> 
     </span>
     <span class='ocr_line' id='line_1_29' title="bbox 123 1865 412 1904; baseline 0.003 -1"><span class='ocrx_word' id='word_1_209' title='bbox 123 1865 171 1903; x_wconf 83' lang='lat' dir='ltr'>rit</span> <span class='ocrx_word' id='word_1_210' title='bbox 193 1865 412 1904; x_wconf 89' lang='lat' dir='ltr'>vetustatis.</span> 
     </span>
    </p>

    <p class='ocr_par' dir='ltr' id='par_1_4' title="bbox 121 1928 1482 2368">
     <span class='ocr_line' id='line_1_30' title="bbox 174 1928 1478 1978; baseline -0.001 -11"><span class='ocrx_word' id='word_1_211' title='bbox 174 1932 270 1968; x_wconf 92' lang='lat' dir='ltr'>VII.</span> <span class='ocrx_word' id='word_1_212' title='bbox 305 1932 391 1969; x_wconf 88' lang='lat' dir='ltr'>Nec</span> <span class='ocrx_word' id='word_1_213' title='bbox 430 1938 566 1969; x_wconf 90' lang='lat' dir='ltr'>tamen</span> <span class='ocrx_word' id='word_1_214' title='bbox 606 1937 755 1968; x_wconf 90' lang='lat' dir='ltr'>temere</span> <span class='ocrx_word' id='word_1_215' title='bbox 797 1930 941 1977; x_wconf 90' lang='lat' dir='ltr'>(ausim</span> <span class='ocrx_word' id='word_1_216' title='bbox 977 1930 1086 1968; x_wconf 87' lang='lat' dir='ltr'>enirn</span> <span class='ocrx_word' id='word_1_217' title='bbox 1125 1929 1286 1969; x_wconf 89' lang='lat' dir='ltr'>interim</span> <span class='ocrx_word' id='word_1_218' title='bbox 1319 1936 1359 1967; x_wconf 93' lang='lat' dir='ltr'>et</span> <span class='ocrx_word' id='word_1_219' title='bbox 1393 1928 1478 1978; x_wconf 90' lang='lat' dir='ltr'>ipse</span> 
     </span>
     <span class='ocr_line' id='line_1_31' title="bbox 121 1994 1479 2044; baseline -0.001 -12"><span class='ocrx_word' id='word_1_220' title='bbox 121 1997 345 2035; x_wconf 87' lang='lat' dir='ltr'>concedere</span> <span class='ocrx_word' id='word_1_221' title='bbox 366 2003 405 2034; x_wconf 94' lang='lat' dir='ltr'>et</span> <span class='ocrx_word' id='word_1_222' title='bbox 426 1995 482 2033; x_wconf 91' lang='lat' dir='ltr'>sic</span> <span class='ocrx_word' id='word_1_223' title='bbox 504 1994 646 2034; x_wconf 88' lang='lat' dir='ltr'>melius</span> <span class='ocrx_word' id='word_1_224' title='bbox 667 1994 813 2044; x_wconf 89' lang='lat' dir='ltr'>errare)</span> <span class='ocrx_word' id='word_1_225' title='bbox 835 1996 1004 2044; x_wconf 86' lang='lat' dir='ltr'>majores</span> <span class='ocrx_word' id='word_1_226' title='bbox 1025 1994 1150 2034; x_wconf 90' lang='lat' dir='ltr'>nostri</span> <span class='ocrx_word' id='word_1_227' title='bbox 1170 2002 1241 2033; x_wconf 89' lang='lat' dir='ltr'>aut</span> <span class='ocrx_word' id='word_1_228' title='bbox 1267 1994 1479 2032; x_wconf 90' lang='lat' dir='ltr'>observan-</span> 
     </span>
     <span class='ocr_line' id='line_1_32' title="bbox 122 2057 1479 2111; baseline -0.003 -13"><span class='ocrx_word' id='word_1_229' title='bbox 122 2060 184 2098; x_wconf 91' lang='lat' dir='ltr'>dis</span> <span class='ocrx_word' id='word_1_230' title='bbox 204 2059 378 2111; x_wconf 88' lang='lat' dir='ltr'>auguriis</span> <span class='ocrx_word' id='word_1_231' title='bbox 398 2067 467 2098; x_wconf 89' lang='lat' dir='ltr'>aut</span> <span class='ocrx_word' id='word_1_232' title='bbox 488 2059 586 2098; x_wconf 87' lang='lat' dir='ltr'>extis</span> <span class='ocrx_word' id='word_1_233' title='bbox 608 2058 868 2098; x_wconf 88' lang='lat' dir='ltr'>consulendis</span> <span class='ocrx_word' id='word_1_234' title='bbox 891 2066 958 2097; x_wconf 85' lang='lat' dir='ltr'>aut</span> <span class='ocrx_word' id='word_1_235' title='bbox 978 2058 1235 2099; x_wconf 89' lang='lat' dir='ltr'>instituendis</span> <span class='ocrx_word' id='word_1_236' title='bbox 1262 2057 1382 2097; x_wconf 87' lang='lat' dir='ltr'>sacris</span> <span class='ocrx_word' id='word_1_237' title='bbox 1410 2064 1479 2095; x_wconf 87' lang='lat' dir='ltr'>aut</span> 
     </span>
     <span class='ocr_line' id='line_1_33' title="bbox 121 2121 1479 2176; baseline -0.004 -12"><span class='ocrx_word' id='word_1_238' title='bbox 121 2125 299 2164; x_wconf 90' lang='lat' dir='ltr'>delubris</span> <span class='ocrx_word' id='word_1_239' title='bbox 320 2125 560 2165; x_wconf 87' lang='lat' dir='ltr'>dedicandis</span> <span class='ocrx_word' id='word_1_240' title='bbox 581 2137 742 2176; x_wconf 90' lang='lat' dir='ltr'>operam</span> <span class='ocrx_word' id='word_1_241' title='bbox 767 2132 1022 2162; x_wconf 79' lang='lat' dir='ltr'>navaverunt.</span> <span class='ocrx_word' id='word_1_242' title='bbox 1047 2123 1107 2175; x_wconf 92' lang='lat'>(2)</span> <span class='ocrx_word' id='word_1_243' title='bbox 1133 2126 1278 2175; x_wconf 89' lang='lat' dir='ltr'>Specta</span> <span class='ocrx_word' id='word_1_244' title='bbox 1297 2124 1350 2162; x_wconf 91' lang='lat' dir='ltr'>de</span> <span class='ocrx_word' id='word_1_245' title='bbox 1370 2121 1479 2161; x_wconf 90' lang='lat' dir='ltr'>libris</span> 
     </span>
     <span class='ocr_line' id='line_1_34' title="bbox 126 2187 1478 2240; baseline -0.002 -13"><span class='ocrx_word' id='word_1_246' title='bbox 126 2189 383 2229; x_wconf 85' lang='lat' dir='ltr'>memoriam:</span> <span class='ocrx_word' id='word_1_247' title='bbox 415 2192 496 2240; x_wconf 87' lang='lat' dir='ltr'>jam</span> <span class='ocrx_word' id='word_1_248' title='bbox 537 2203 605 2229; x_wconf 90' lang='lat' dir='ltr'>eos</span> <span class='ocrx_word' id='word_1_249' title='bbox 637 2190 915 2239; x_wconf 89' lang='lat' dir='ltr'>deprehendes</span> <span class='ocrx_word' id='word_1_250' title='bbox 954 2189 1132 2227; x_wconf 88' lang='lat' dir='ltr'>initiasse</span> <span class='ocrx_word' id='word_1_251' title='bbox 1166 2188 1261 2227; x_wconf 89' lang='lat' dir='ltr'>ritus</span> <span class='ocrx_word' id='word_1_252' title='bbox 1295 2187 1478 2227; x_wconf 88' lang='lat' dir='ltr'>omnium</span> 
     </span>
     <span class='ocr_line' id='line_1_35' title="bbox 125 2253 1480 2305; baseline 0.001 -13"><span class='ocrx_word' id='word_1_253' title='bbox 125 2254 372 2305; x_wconf 85' lang='lat' dir='ltr'>religionum,</span> <span class='ocrx_word' id='word_1_254' title='bbox 411 2257 473 2294; x_wconf 92' lang='lat' dir='ltr'>vel</span> <span class='ocrx_word' id='word_1_255' title='bbox 494 2263 536 2293; x_wconf 92' lang='lat' dir='ltr'>ut</span> <span class='ocrx_word' id='word_1_256' title='bbox 557 2262 874 2294; x_wconf 88' lang='lat' dir='ltr'>remuneraretur</span> <span class='ocrx_word' id='word_1_257' title='bbox 894 2254 1030 2292; x_wconf 75' lang='lat' dir='ltr'>divina</span> <span class='ocrx_word' id='word_1_258' title='bbox 1058 2253 1317 2304; x_wconf 81' lang='lat' dir='ltr'>indulgentia,</span> <span class='ocrx_word' id='word_1_259' title='bbox 1349 2253 1411 2291; x_wconf 89' lang='lat' dir='ltr'>vel</span> <span class='ocrx_word' id='word_1_260' title='bbox 1439 2262 1480 2293; x_wconf 88' lang='lat' dir='ltr'>ut</span> 
     </span>
     <span class='ocr_line' id='line_1_36' title="bbox 126 2316 1482 2368; baseline -0.001 -13"><span class='ocrx_word' id='word_1_261' title='bbox 126 2327 373 2359; x_wconf 84' lang='lat' dir='ltr'>averteretur</span> <span class='ocrx_word' id='word_1_262' title='bbox 413 2320 628 2358; x_wconf 90' lang='lat' dir='ltr'>imminens</span> <span class='ocrx_word' id='word_1_263' title='bbox 676 2318 731 2357; x_wconf 89' lang='lat' dir='ltr'>ira</span> <span class='ocrx_word' id='word_1_264' title='bbox 773 2326 840 2356; x_wconf 88' lang='lat' dir='ltr'>aut</span> <span class='ocrx_word' id='word_1_265' title='bbox 885 2319 965 2368; x_wconf 87' lang='lat' dir='ltr'>jarn</span> <span class='ocrx_word' id='word_1_266' title='bbox 1010 2326 1170 2358; x_wconf 88' lang='lat' dir='ltr'>tumens</span> <span class='ocrx_word' id='word_1_267' title='bbox 1217 2326 1256 2357; x_wconf 90' lang='lat' dir='ltr'>et</span> <span class='ocrx_word' id='word_1_268' title='bbox 1302 2316 1482 2356; x_wconf 82' lang='lat' dir='ltr'>saeviens</span> 
     </span>
    </p>
   </div>
  </div>
 </body>
</html>
