1619 2596
499 80 781 112 CHAPITRES
819 80 1093 110 XXIII-XXV.
1413 77 1470 120 27

128 190 276 241 pietate
323 191 529 239 pollerent.
580 188 781 226 Nimirum
829 186 997 237 insignis
1045 194 1083 225 et
1127 186 1272 225 nobilis
1322 185 1474 236 justitia

127 257 315 294 Romana
330 256 381 294 ab
401 256 496 306 ipsis
512 253 667 304 imperii
686 253 886 291 nascentis
904 252 1157 289 incunabulis
1175 251 1380 302 auspicata
1396 253 1475 288 est!

131 324 190 373 (2)
212 324 360 363 Nonne
379 323 419 362 in
440 330 529 361 ortu
551 335 623 360 suo
643 328 682 359 et
712 322 861 359 scelere
891 318 1048 358 collecti
1070 327 1108 357 et
1131 319 1272 356 muniti
1295 317 1475 356 immani-

127 389 219 427 tatis
258 402 353 428 suae
400 397 547 427 terrore
595 387 842 425 creverunt?
892 386 996 423 Nam
1036 386 1147 434 asylo
1186 384 1313 433 prima
1361 383 1476 434 plebs

129 459 369 502 congregata
408 458 498 489 est:
537 451 811 488 confluxerant
851 447 1007 497 perditi,
1049 446 1270 494 facinerosi,
1321 445 1474 491 incesti,

128 517 270 563 sicarii,
292 516 528 568 proditores,
561 522 599 552 et
629 523 671 552 ut
700 513 784 563 ipse
817 513 1015 550 Romulus
1047 512 1261 561 imperator
1281 519 1319 550 et
1350 517 1479 549 rector

130 582 326 631 populum
366 594 480 619 suum
524 580 701 618 facinore
750 580 1020 627 praecelleret,
1076 578 1331 628 parricidium
1371 577 1476 616 fecit.

132 648 247 685 Haec
264 646 390 697 prima
405 653 498 684 sunt
513 644 692 694 auspicia
707 643 913 693 religiosae
930 643 1122 681 civitatis!
1139 642 1197 692 (3)
1217 644 1316 681 Mox
1332 642 1479 681 alienas

130 711 300 763 virgines
329 713 411 761 jam
441 713 717 761 desponsatas,
738 712 819 759 jam
850 709 1081 754 destinatas,
1114 717 1153 746 et
1184 709 1398 747 nonnullas
1429 708 1480 745 de

132 776 389 815 matrimonio
414 775 666 814 mulierculas
694 775 779 812 sine
812 788 920 812 more
949 774 1089 824 rapuit,
1122 773 1295 820 violavit,
1331 772 1478 818 inlusit,

132 850 171 881 et
191 855 282 881 cum
312 854 446 881 earum
478 840 722 890 parentibus,
759 840 799 878 id
834 847 892 878 est
923 853 1013 877 cum
1046 839 1193 877 soceris
1228 839 1308 877 suis
1329 839 1480 877 bellum

133 907 304 954 miscuit,
336 906 608 957 propinquum
644 906 878 955 sanguinem
912 905 1027 942 fudit.
1059 904 1167 953 Quid
1203 903 1479 954 inreligiosius,

134 973 232 1024 quid
280 971 487 1017 audacius,
535 970 634 1020 quid
689 971 775 1020 ipsa
829 969 989 1008 sceleris
1038 969 1287 1008 confidentia
1327 968 1484 1006 tutius?

132 1040 195 1089 (4)
216 1041 305 1089 Jam
328 1038 520 1076 finitimos
551 1050 644 1086 agro
676 1038 834 1085 pellere,
863 1037 1044 1075 civitates
1075 1035 1275 1085 proximas
1308 1042 1483 1073 evertere

136 1118 226 1144 cum
249 1103 410 1154 templis
442 1110 482 1142 et
502 1102 702 1148 altaribus,
734 1111 874 1154 captos
905 1116 1058 1152 cogere,
1091 1100 1250 1140 damnis
1283 1099 1422 1138 alienis
1445 1106 1483 1138 et

136 1170 216 1209 suis
236 1169 451 1208 sceleribus
472 1169 713 1213 adolescere,
738 1181 828 1206 cum
869 1169 1047 1206 Romulo
1082 1166 1240 1216 regibus
1272 1165 1413 1203 ceteris
1446 1172 1484 1203 et

135 1235 305 1286 posteris
326 1234 497 1273 ducibus
519 1233 731 1282 disciplina
753 1233 983 1271 communis
1005 1240 1072 1270 est.

190 1301 249 1350 (5)
272 1302 334 1338 Ita
354 1298 547 1350 quicquid
570 1300 744 1336 Romani
767 1306 916 1344 tenent,
942 1299 1091 1343 colunt,
1116 1295 1334 1346 possident,
1368 1295 1487 1332 auda-

136 1366 221 1404 ciae
242 1366 389 1415 praeda
409 1374 468 1403 est
489 1380 494 1401 :
516 1366 668 1414 templa
689 1364 825 1402 onmia
846 1365 897 1401 de
919 1361 1130 1403 manubiis,
1155 1361 1194 1399 id
1217 1368 1275 1399 est
1296 1361 1346 1398 de
1362 1359 1487 1396 ruinis

136 1430 307 1476 urbium,
331 1431 381 1469 de
402 1429 539 1480 spoliis
559 1431 741 1474 deorum,
766 1430 817 1467 de
838 1428 1032 1466 caedibus
1055 1427 1322 1464 sacerdotum.

191 1495 251 1547 (6)
292 1497 387 1534 Hoc
424 1495 615 1533 insultare
654 1503 692 1533 et
741 1495 922 1532 inludere
962 1501 1032 1537 est,
1075 1492 1188 1530 victis
1228 1490 1488 1541 religionibus

137 1563 293 1609 servire,
330 1561 507 1612 captivas
538 1574 605 1599 eas
623 1568 713 1611 post
748 1560 933 1598 victorias
968 1560 1144 1597 adorare.
1183 1558 1287 1595 Nam
1322 1558 1488 1595 adorare

137 1641 240 1678 quae
256 1640 377 1666 manu
391 1626 554 1677 ceperis,
578 1626 831 1675 sacrilegium
854 1633 912 1663 est
933 1637 1178 1669 consecrare,
1203 1636 1285 1660 non
1307 1622 1485 1660 numina.

139 1693 308 1732 Totiens
328 1705 422 1743 ergo
453 1692 650 1731 Romanis
670 1692 867 1741 inpiatum
895 1698 953 1728 est
975 1690 1160 1739 quotiens
1182 1687 1485 1738 triumphatum,

139 1766 198 1797 tot
229 1760 281 1797 de
315 1758 392 1797 diis
422 1758 550 1808 spolia
579 1765 679 1807 quot
704 1758 754 1795 de
785 1756 971 1805 gentibus
1006 1763 1043 1792 et
1073 1762 1247 1805 tropaea.
1281 1753 1340 1802 (7)
1364 1753 1490 1803 Igitur

143 1823 322 1862 Romani
347 1836 431 1861 non
464 1823 557 1862 ideo
592 1823 703 1863 tanti,
737 1823 847 1871 quod
880 1820 1065 1870 religiosi,
1096 1821 1167 1858 sed
1194 1820 1304 1869 quod
1339 1819 1489 1868 inpune

143 1889 344 1939 sacrilegi:
365 1902 498 1938 neque
527 1888 635 1927 enim
666 1894 882 1938 potuerunt
912 1886 953 1924 in
984 1885 1077 1935 ipsis
1110 1885 1223 1923 bellis
1253 1885 1351 1923 deos
1381 1885 1490 1933 adju-

143 1964 249 1993 tores
279 1954 438 2001 habere,
460 1954 653 1992 adversus
683 1965 784 2002 quos
810 1965 918 1989 arma
940 1958 1163 2001 rapuerunt.
1194 1950 1250 1987 At
1277 1962 1378 1998 quos
1399 1956 1491 2000 pro-

144 2025 379 2065 straverant,
398 2018 720 2069 detriumphatos
741 2018 872 2055 colere
894 2023 1131 2066 coeperunt:
1153 2015 1249 2065 quid
1269 2022 1403 2053 autem
1425 2015 1487 2053 isti

146 2085 201 2123 dii
222 2097 294 2135 pro
315 2084 511 2122 Romanis
532 2091 713 2134 possunt,
737 2083 804 2133 qui
827 2082 926 2120 nihil
948 2095 1018 2132 pro
1040 2081 1120 2120 suis
1140 2082 1329 2119 adversus
1350 2093 1490 2118 eorum

141 2163 256 2188 arma
275 2151 482 2188 valuerunt
498 2151 514 2187 ?

202 2215 548 2263 (8)Romanorum
564 2214 673 2253 enim
688 2214 923 2252 vernaculos
941 2213 1039 2250 deos
1054 2212 1257 2250 novimus:
1276 2211 1489 2258 Romulus,

148 2279 278 2326 Picus,
301 2279 517 2318 Tiberinus
538 2287 577 2318 et
607 2280 767 2319 Consus
788 2284 826 2316 et
856 2277 1065 2315 Pilumnus
1089 2290 1134 2314 ac
1154 2278 1383 2315 Volumnus
1414 2276 1492 2324 dii,

146 2344 387 2385 Cloacinam
421 2345 561 2383 Tatius
591 2353 630 2382 et
653 2344 804 2382 invenit
831 2350 869 2381 et
904 2342 1040 2389 coluit,
1071 2344 1263 2381 Pavorem
1293 2340 1494 2380 Hostilius
