1619 2596
187 68 275 115 108
656 79 1044 112 COMMENTAIRE.

222 191 257 225 5.
287 189 468 222 Infinitum
485 193 522 223 et
538 189 752 228 inmensum,
773 186 929 232 ἄπειρον,
950 198 966 221 «
985 190 1075 221 infini
1098 200 1138 222 en
1163 189 1304 221 e'tendue
1321 197 1349 221 )>.
1378 189 1517 221 (Ξίεόῐοη

178 241 224 271 dit
252 242 281 277 (ξ
299 241 375 277 26);
402 241 477 270 Post
494 241 722 271 Anaximenes
744 250 822 270 aera
846 240 940 270 deum
964 241 1094 277 statuit,
1120 250 1297 280 eumque...
1324 250 1424 270 esse...
1458 241 1517 271 im-

178 300 325 319 mensum
349 294 379 320 et
401 290 576 331 infinitum
601 293 631 319 et
652 294 777 329 semper
799 289 835 318 in
861 293 959 319 motu.
981 289 1061 320 Cela
1077 293 1125 319 est
1143 288 1293 319 inexact:
1312 287 1518 319 Anaximene

178 349 218 369 ne
236 338 314 368 niait
332 349 389 379 pas
405 338 593 369 l’existence
610 338 668 368 des
684 337 793 375 dieux,
813 343 844 368 et
862 337 882 367 il
902 347 942 368 ne
959 337 1054 368 disait
1073 348 1130 378 pas
1145 348 1209 378 que
1227 336 1296 367 l'air
1313 335 1391 368 etait
1419 336 1494 368 dieu
1510 348 1518 374 ;

178 387 210 419 S.
235 387 396 427 Augustin
414 388 479 425 (De
499 387 571 417 Ct‘v.
594 387 670 423 Dei,
691 386 720 423 8,
742 387 774 423 2)
791 385 965 427 s’exprime
982 386 1112 417 mieux:
1134 387 1253 417 Omnes
1270 396 1382 416 rerum
1404 396 1520 416 causas

178 435 312 476 istgfim'lo
327 437 401 467 aeri
414 436 512 473 dedit,
533 446 588 466 nec
610 436 679 466 deos
696 436 828 475 negavit
843 440 903 465 aut
915 437 1029 473 tacuit,
1050 446 1115 466 non
1131 440 1240 466 tamen
1257 435 1295 465 ab
1313 435 1394 475 zpsis
1412 445 1518 466 aerem

168 484 314 525 sactum,
334 485 391 515 sed
403 486 487 525 {fisos
502 495 542 515 ex
557 495 630 515 aere
645 489 729 515 ortos
745 485 893 515 credidit.

220 559 254 594 6.
282 559 548 601 Anaxagorae.
569 560 623 590 Au
649 559 712 591 lieu
739 559 779 590 de
805 559 892 590 l’abl.
922 570 1001 590 avec
1026 560 1075 593 ah,
1097 559 1145 590 M.
1168 559 1204 590 F.
1236 565 1302 589 met
1328 558 1375 589 six
1403 558 1463 589 fois
1488 559 1520 589 le

177 609 262 640 datis
283 620 364 650 pour
390 620 541 650 marquer
567 608 688 650 l’agent
713 608 807 650 apres
835 619 878 639 un
905 609 1002 639 verbe
1029 608 1130 649 passis
1152 607 1309 645 (dativus
1329 608 1495 648 auctoris)
1507 617 1521 644 ,·

177 658 216 689 cf.
238 666 290 695 22,
310 668 329 696 4
346 669 354 695 ;
373 667 424 697 24,
445 668 483 697 4;
501 665 553 698 25,
573 658 611 695 6;
630 665 680 696 27,
706 667 715 688 ι
732 669 739 693 ;
758 665 810 696 27,
829 667 860 696 4.
881 676 921 680 —
942 655 1139 698 Discriptio
1164 659 1201 689 et
1217 658 1338 688 motus
1358 654 1520 688 infinitae

177 705 319 746 mentis,
346 706 420 748 gen.
441 707 603 748 subjectis,
624 707 763 749 z'tgfim'ta
779 717 869 737 mens
885 707 1063 737 describens
1087 705 1319 746 (διακοσμῶν)
1343 710 1372 736 et
1391 716 1521 736 movens

178 758 233 794 (ou
249 767 312 787 sese
328 757 481 793 movens).
499 754 639 787 Cice'ron
657 756 704 786 dit
721 766 760 786 au
778 757 794 793 ἓ
815 764 847 786 11
867 767 874 786 ε
892 756 974 786 Inde
986 757 1207 795 Anaxagoras
1217 756 1354 796 primus
1369 755 1520 785 omnium

175 816 288 836 rerum
306 806 550 845 dz'scrzptionem
567 810 596 835 et
613 810 734 835 motum
753 806 872 835 mentis
889 805 1043 847 irfinz'tae
1064 805 1102 835 vz'
1124 815 1160 835 ac
1185 805 1312 835 ratione
1337 804 1524 843 dissignari

175 859 205 884 et
220 854 335 896 confici
347 855 463 884 voluit.
485 853 537 885 Ne
554 852 572 884 a
589 852 786 885 Clazomene
803 864 844 884 en
863 853 966 894 Lydie
984 860 1074 884 entre
1094 861 1156 893 500
1171 859 1203 884 et
1219 853 1284 892 496
1299 859 1398 884 avant
1413 852 1518 894 J.-C.,

176 904 373 944 Anaxagore
396 903 444 933 fut
462 904 491 933 le
508 903 637 934 dernier
653 902 757 943 grand
775 902 971 944 philosophe
988 903 1029 933 de
1046 902 1160 934 l’ecole
1177 902 1340 933 ionienne.
1363 902 1392 932 Il
1409 901 1477 932 vint
1502 900 1521 932 a

177 951 326 983 Athenes
343 963 415 983 vers
432 952 495 990 460
511 956 542 982 et
559 963 579 992 y
596 952 755 992 implanta
772 952 803 982 la
819 951 1037 993 philosophie.
1070 951 1116 982 Le
1143 951 1282 993 premier
1308 951 1330 982 il
1356 950 1521 992 distingua

175 1002 207 1032 la
224 1000 359 1032 matiere
375 1001 416 1031 de
433 1000 666 1041 l'intelligence
684 1001 803 1038 (νοῦς).
825 1000 962 1033 Suivant
980 1001 1036 1038 lui,
1057 1001 1087 1031 la
1112 999 1246 1032 matiere
1272 1011 1306 1032 se
1331 1010 1486 1041 compose
1502 997 1521 1029 ὲ

176 1049 325 1091 l'origine
342 1049 440 1080 d’une
457 1049 583 1080 infinite
600 1050 641 1080 de
658 1049 778 1090 parties
800 1050 1008 1087 semblables,
1028 1048 1150 1081 mele'es
1175 1049 1257 1080 dans
1281 1059 1325 1080 un
1351 1049 1471 1080 chaos:
1490 1049 1520 1079 le

177 1106 388 1130 mouvement
406 1099 452 1129 les
468 1097 592 1140 separe,
613 1100 659 1130 les
675 1099 834 1136 ordonne,
854 1104 886 1129 et
903 1109 943 1130 en
960 1098 1017 1130 fait
1033 1099 1128 1130 sortir
1145 1105 1218 1130 tous
1235 1100 1282 1129 les
1297 1109 1401 1139 corps.
1424 1097 1519 1128 L’au-

177 1153 248 1179 teur
273 1148 317 1179 du
342 1153 553 1178 mouvement
571 1146 720 1188 (motus)
738 1153 770 1179 et
792 1148 833 1179 de
850 1147 1084 1179 l'ordonnance
1101 1147 1327 1189 (discriptio),
1354 1146 1432 1178 c’est
1449 1145 1519 1178 Pes-

177 1196 242 1238 prit
252 1195 413 1238 (zrgfinz'ta
423 1207 514 1227 mens
516 1198 535 1236 )
546 1196 639 1238 place
650 1207 691 1227 en
701 1196 821 1228 dehors
831 1197 872 1227 de
883 1198 914 1227 la
924 1195 1080 1228 matiere:
1098 1191 1208 1237 Ομοῦ
1220 1193 1335 1227 πάντα
1349 1193 1420 1238 χρή
1427 1204 1521 1235 ματα

176 1241 230 1285 ἦν,
259 1246 340 1281 νοῦς
371 1243 408 1277 δὲ
440 1241 529 1277 αὐτὰ
561 1241 736 1288 διακρίνας
769 1242 982 1286 διεκόσμησε
1012 1246 1160 1287 (Simpl.‚
1188 1246 1241 1276 De
1266 1246 1358 1283 cael„
1386 1244 1406 1275 f.
1432 1245 1517 1284 145).

175 1291 409 1346 Ἀναξάγορας
426 1290 552 1338 λεγει
537 1295 657 1335 ομοό,
647 1291 789 1327 πάντων
807 1288 917 1326 ὄντων
935 1291 1070 1335 κίνησιι
1086 1291 1279 1334 ἐμποιῆσαι
1294 1291 1354 1326 τὸν
1368 1294 1448 1325 νοῦν
1461 1290 1520 1325 καὶ

177 1339 358 1386 διακρῖναι.
377 1343 512 1375 Aristot.
534 1343 649 1384 Phys„
669 1342 698 1381 8,
724 1345 762 1381 1).
784 1343 846 1375 Cet
863 1344 962 1385 esprit
979 1349 1027 1375 est
1044 1343 1101 1374 lui·
1105 1354 1212 1374 meme
1229 1354 1269 1374 en
1286 1353 1385 1374 mouv
1387 1347 1519 1374 ement·
1511 1365 1520 1380 ,

178 1392 286 1430 Lact.‚
302 1394 332 1424 l.
352 1393 413 1430 D„
438 1400 465 1430 1,
486 1400 515 1432 5,
539 1391 597 1423 18:
616 1394 755 1423 —Inaxa
744 1403 838 1432 goras
862 1393 956 1423 deum
984 1403 1047 1423 esse
1071 1394 1151 1423 ‹ii-'nt
1177 1393 1348 1434 ι”ιζχὶηῑίαυι
1367 1396 1518 1429 mentem,

177 1452 260 1482 quae
278 1447 342 1482 per
365 1452 397 1472 se
413 1443 517 1482 zfisam
535 1446 714 1472 moveatur.
735 1440 824 1473 C'est
842 1452 877 1472 ce
893 1453 957 1483 que
975 1441 1141 1472 Minucius
1164 1442 1294 1483 appelle
1315 1446 1421 1471 motus
1444 1440 1520 1479 infi—

178 1491 269 1522 nitae
285 1492 413 1522 mentis.

221 1558 264 1562 —
282 1538 533 1581 Pythagorae.
555 1539 740 1581 Pythagore
766 1539 879 1581 naquit
905 1538 924 1569 a
947 1539 1074 1576 Samos,
1101 1550 1142 1570 au
1168 1544 1451 1570 commencement
1475 1537 1521 1568 du

180 1588 244 1619 ΧῙΙΘ
261 1588 358 1620 siecle
374 1596 472 1620 avant
490 1589 576 1627 I.-C.
600 1589 627 1620 Il
644 1586 786 1620 s’etablit
803 1588 821 1619 a
843 1589 988 1620 Crotone
1013 1589 1095 1620 dans
1120 1589 1152 1619 la
1168 1588 1302 1620 Grande
1319 1586 1425 1619 Grece
1446 1593 1477 1618 et
1501 1598 1522 1628 y

178 1636 279 1668 fonda
295 1637 409 1669 l’ecole
426 1638 726 1679 pythagoricienne.
750 1637 798 1668 La
814 1637 962 1668 doctrine
983 1637 1024 1668 de
1041 1637 1137 1668 l'ame
1153 1636 1197 1668 du
1215 1636 1336 1667 monde
1351 1636 1408 1678 qui
1426 1643 1443 1667 «
1461 1636 1520 1667 cir-

179 1687 251 1717 cule
275 1687 357 1718 dans
374 1688 405 1718 la
430 1692 544 1718 nature
565 1686 688 1718 entiere
714 1691 747 1717 et
762 1697 796 1718 se
813 1685 937 1728 repand
954 1692 1084 1727 partout
1102 1694 1131 1724 )>,
1151 1686 1299 1717 doctrine
1315 1696 1380 1726 que
1396 1685 1521 1726 Virgile

178 1735 300 1777 adopte
329 1737 357 1774 (ξ
383 1738 428 1774 2),
458 1734 572 1767 n'etait
598 1747 655 1777 pas
679 1736 720 1766 de
746 1735 802 1773 lui,
831 1735 913 1766 mais
937 1735 978 1766 de
1006 1746 1056 1766 ses
1081 1735 1243 1776 disciples.
1265 1753 1306 1757 —
1324 1733 1518 1775 Carpatur.

179 1784 229 1817 Cf.
251 1784 336 1821 Cic.‚
356 1785 413 1822 ib„
432 1786 449 1823 ξ
467 1792 506 1824 27
521 1797 527 1816 :
547 1785 638 1815 Nam
656 1785 870 1824 Pythagoras,
890 1785 953 1825 qui
962 1785 1088 1815 censuit
1103 1785 1256 1814 animum
1273 1794 1336 1814 esse
1345 1789 1409 1824 per
1423 1788 1521 1814 natu-

179 1843 253 1864 ram
270 1844 384 1864 rerum
402 1835 568 1865 intentum
585 1838 614 1864 et
630 1838 869 1870 commeantem,
888 1844 929 1864 ex
943 1844 1006 1873 quo
1018 1834 1126 1863 nostri
1140 1834 1252 1863 animi
1265 1837 1518 1873 carperentur...

181 1882 230 1913 Le
247 1893 305 1913 ms.
326 1893 346 1912 a
361 1883 551 1923 capitatur-3
569 1881 732 1923 peut-etse
748 1882 855 1913 faut-il
872 1881 930 1913 lire
948 1894 954 1913 :
973 1883 1135 1923 capiatur.

223 1957 259 1993 7.
277 1957 542 2000 Xenophanen.
561 1958 767 1999 Remarquez
777 1958 824 1989 les
835 1968 903 1989 acc.
920 1968 1012 1999 grecs
1029 1968 1069 1989 en
1085 1969 1125 1989 en
1139 1968 1153 1995 ,·
1169 1957 1210 1989 cf.
1231 1965 1280 1997 13,
1301 1965 1311 1987 1
1332 1969 1339 1987 :
1354 1956 1519 1988 Socraten.

181 2006 388 2049 xenophane
413 2007 527 2049 naquit
543 2006 563 2038 a
579 2007 757 2048 Colophon
774 2018 846 2038 vers
873 2006 939 2038 l‘an
965 2007 1039 2038 600.
1063 2007 1144 2038 Vers
1171 2013 1246 2047 544,
1265 2006 1289 2037 il
1315 2017 1349 2038 se
1372 2005 1479 2037 rendit
1503 2003 1523 2036 ὸ.

181 2056 274 2095 Elec,
293 2067 334 2087 en
362 2055 519 2094 Lucanie‚
539 2062 571 2087 et
587 2067 608 2096 y
624 2055 725 2086 fonda
748 2066 808 2087 son
831 2054 933 2087 ecole.
955 2055 983 2086 11
1008 2055 1044 2086 fit
1067 2056 1099 2086 la
1113 2065 1229 2096 guerre
1246 2065 1287 2085 au
1305 2054 1524 2096 polytheisme

179 2111 212 2137 et
229 2106 397 2147 proclama
413 2104 602 2136 l’existenee
624 2103 703 2135 d’un
720 2104 794 2136 dieu
812 2104 934 2146 unique
950 2109 982 2135 et
998 2104 1190 2142 immuab1e‚
1209 2103 1291 2135 mais
1307 2113 1372 2134 non
1389 2103 1524 2134 distinct

180 2155 221 2186 de
238 2154 410 2186 l'univers:
425 2164 484 2185 son
501 2154 576 2185 dieu
589 2165 623 2186 se
635 2154 779 2186 confond
788 2163 869 2185 avec
882 2152 1046 2191 l’univers,
1063 2163 1192 2184 comme
1209 2163 1272 2184 une
1284 2151 1358 2184 ame
1371 2152 1412 2184 de
1429 2151 1522 2183 l’uni-

179 2214 251 2235 vers
269 2208 401 2244 partout
418 2202 585 2244 repandue
602 2208 633 2234 et
649 2203 707 2245 qui
723 2203 754 2234 le
769 2202 829 2234 fait
843 2202 946 2240 vivre,
966 2210 1076 2234 omne
1098 2199 1278 2233 infinitum
1301 2209 1385 2233 eum
1401 2202 1523 2233 mente

181 2260 198 2284 (ι
213 2254 243 2284 le
259 2252 348 2283 'rout
365 2250 553 2283 infinidoue‘:
566 2251 811 2293 d’intelligence
825 2258 858 2290 ));
874 2261 948 2292 voy.
969 2259 1000 2289 2,
1015 2259 1033 2291 3
1049 2263 1057 2282 :
1075 2251 1112 2282 de
1124 2251 1277 2281 lavacris.
1294 2249 1434 2282 Ciceron
1451 2250 1519 2282 dit:

181 2306 285 2332 mente
303 2301 470 2341 adjuncta.
497 2300 682 2339 Ciceron,§
699 2300 762 2332 28:
793 2301 825 2331 T
822 2311 878 2331 um
900 2300 1129 2340 Xenophanes,
1153 2301 1216 2340 qui
1237 2304 1342 2330 mente
1364 2300 1522 2340 adjuncta

180 2361 273 2381 omne
291 2355 471 2390 praeterea,
489 2350 578 2390 quod
589 2355 666 2380 esset
683 2350 870 2391 infinitum,
892 2349 986 2379 deum
1004 2349 1110 2379 voluit
1125 2359 1228 2380 esse...
