1619 2596
164 69 218 111 16
695 76 956 108 OCTAvltJS.

153 194 260 233 enim
284 195 343 232 vel
366 193 534 230 maxime
557 192 678 229 instar
699 199 770 237 est,
794 190 904 228 humi
926 203 1116 240 quaerere
1137 191 1249 239 quod
1271 189 1308 227 in
1340 189 1497 227 sublimi

148 260 302 298 debeas
333 258 523 296 invenire.

208 327 268 373 (3)
306 325 399 372 Quo
437 323 561 372 magis
599 321 696 359 mihi
738 321 926 359 videntur
957 320 1024 369 qui
1061 321 1168 357 hunc
1202 319 1342 357 mundi
1377 320 1499 357 totius

153 397 336 428 ornatum
367 401 448 426 non
482 387 617 425 divina
647 385 800 424 ratione
831 386 1050 435 perfectum
1083 386 1233 430 volunt,
1265 385 1336 422 sed
1369 385 1500 422 frustis

152 455 393 505 quibusdam
436 461 587 491 temere
625 451 933 489 cohaerentibus
972 450 1270 499 conglobatum,
1310 458 1499 495 mentem,

146 534 327 566 sensum,
359 520 498 558 oculos
529 517 705 566 denique
735 516 843 568 ipsos
875 529 954 555 non
977 516 1137 553 habere.
1171 517 1229 563 (4)
1253 515 1362 563 Quid
1393 516 1500 553 enim

152 592 284 636 potest
298 597 383 623 esse
396 591 477 621 tam
493 590 687 632 apertum,
705 589 785 619 tam
808 582 1040 619 confessum
1055 587 1218 629 tamque
1233 579 1497 630 perspicuum,

153 664 245 689 eum
266 651 405 688 oculos
426 648 466 686 in
482 649 639 686 caelum
661 646 868 685 sustuleris
891 653 928 684 et
950 659 1053 696 quae
1074 653 1166 683 sunt
1187 645 1286 682 infra
1315 644 1501 694 circaque

152 714 390 761 lustraveris,
431 726 553 763 quam
592 725 681 750 esse
729 711 895 761 aliquod
935 724 1087 749 numen
1137 709 1501 760 praestantissimae

154 781 311 826 mentis,
361 791 442 829 quo
482 778 614 816 omnis
654 784 796 815 natura
834 777 1060 827 inspiretur,
1104 784 1322 822 moveatur,
1363 776 1499 821 alatur,

153 847 398 896 gubernetur
418 845 434 881 ?

207 910 268 959 (5)
290 910 457 948 Caelum
479 908 610 958 ipsum
633 908 747 945 vide:
770 919 888 956 quam
911 907 989 944 late
1011 905 1200 951 tenditur,
1222 918 1341 954 quam
1365 904 1501 954 rapide

146 976 336 1020 volvitur,
358 976 418 1012 vel
441 974 552 1023 quod
572 974 612 1011 in
636 981 798 1011 noctem
819 971 933 1009 astris
954 970 1223 1021 distinguitur,
1247 972 1308 1008 vel
1329 971 1439 1019 quod
1460 969 1500 1007 in

154 1041 261 1080 diem
300 1041 384 1078 sole
423 1041 608 1076 lustratur
628 1053 634 1075 ε
672 1039 754 1086 jam
794 1036 907 1081 scies,
947 1049 1065 1085 quam
1107 1036 1156 1073 sit
1196 1035 1235 1072 in
1267 1048 1318 1073 eo
1354 1035 1499 1072 summi

155 1107 417 1146 moderatoris
439 1107 536 1144 mira
563 1114 601 1144 et
622 1104 756 1143 divina
780 1103 948 1141 libratio.
972 1103 1077 1140 Vide
1099 1110 1137 1140 et
1157 1115 1319 1147 annum,
1343 1110 1385 1139 ut
1405 1101 1500 1139 solis

152 1173 328 1212 ambitus
349 1172 478 1218 faciat,
497 1179 536 1209 et
558 1183 738 1209 mensem
760 1169 862 1210 vide.
887 1176 929 1206 ut
949 1170 1044 1205 luna
1059 1176 1192 1212 auctu,
1215 1167 1340 1214 senio,
1363 1167 1500 1204 labore

142 1239 407 1287 circumagat.
431 1236 490 1285 (6)
513 1236 623 1285 Quid
643 1235 898 1273 tenebrarum
913 1241 951 1271 et
968 1233 1129 1270 luminis
1151 1232 1282 1271 dicam
1299 1245 1501 1270 recursan-

153 1311 210 1342 tes
241 1304 360 1349 vices,
383 1310 425 1340 ut
455 1302 505 1340 sit
535 1300 652 1338 nobis
683 1299 814 1349 operis
843 1306 882 1336 et
911 1297 1056 1348 quietis
1086 1298 1239 1335 alterna
1268 1295 1500 1346 reparatio?

153 1368 440 1418 Relinquenda
469 1379 561 1404 vero
588 1365 798 1414 astrologis
829 1363 1018 1413 prolixior
1048 1363 1099 1401 de
1129 1361 1328 1400 sideribus
1358 1360 1498 1407 oratio,

152 1435 213 1472 vel
234 1434 344 1483 quod
364 1428 502 1482 r'egant
531 1443 693 1469 cursum
715 1428 942 1478 navigandi,
966 1429 1027 1466 vel
1057 1428 1169 1477 quod
1190 1427 1329 1465 arandi
1351 1433 1500 1464 meten-

141 1500 274 1549 dique
295 1506 452 1548 tempus
474 1497 678 1535 inducant.
699 1496 815 1544 Quae
836 1495 991 1544 singula
1012 1507 1093 1532 non
1118 1494 1239 1532 modo
1262 1501 1303 1530 ut
1324 1504 1501 1530 crearen-

152 1574 226 1611 tur,
267 1566 417 1609 fierent‚
457 1563 778 1613 disponerentur,
829 1560 975 1599 summi
1024 1559 1182 1610 opificis
1222 1566 1261 1596 et
1299 1559 1500 1608 perfectae

152 1629 316 1669 rationis
349 1636 556 1678 eguerunt,
592 1641 729 1666 verum
765 1626 885 1665 etiam
921 1626 1069 1671 sentiri,
1106 1624 1291 1674 perspici,
1327 1623 1500 1672 intellegi

152 1697 238 1736 sine
258 1708 415 1734 summa
435 1693 611 1732 sollertia
631 1700 670 1731 et
690 1692 844 1730 ratione
866 1704 946 1729 non
969 1699 1151 1741 possunt.

206 1761 266 1811 (7)
289 1761 409 1810 Quid,
431 1773 523 1798 cum
544 1759 644 1797 ordo
661 1765 889 1807 temporum
911 1769 957 1794 ac
980 1758 1135 1806 frugum
1158 1754 1288 1793 stabili
1311 1753 1501 1792 varietate

140 1826 421 1877 distinguitur,
453 1838 588 1864 nonne
623 1831 828 1862 auctorem
859 1835 978 1860 suum
1014 1829 1304 1871 parentemque
1335 1827 1502 1858 testatur

152 1904 218 1929 ver
237 1903 366 1940 aeque
386 1902 479 1928 curn
500 1888 581 1927 suis
611 1887 776 1926 floribus
797 1895 835 1925 et
856 1895 986 1925 aestas
1017 1900 1109 1924 curn
1131 1886 1212 1924 suis
1244 1884 1441 1922 messibus
1461 1894 1501 1924 et

151 1955 335 1994 autumni
356 1954 561 1993 maturitas
582 1960 692 2003 grata
712 1960 752 1991 et
772 1952 938 1990 hiberna
958 1951 1113 1990 olivitas
1135 1949 1386 1989 necessaria?
1419 1950 1499 1998 Qui

140 2022 252 2060 *ordo
290 2021 406 2059 facile
445 2020 683 2065 turbaretur,
720 2017 797 2057 nisi
847 2018 1016 2055 maxima
1057 2016 1209 2055 ratione
1247 2015 1496 2056 consisteret.

152 2087 212 2136 (8)
233 2087 322 2135 Jam
344 2084 621 2135 providentiae
641 2092 829 2133 quantae,
853 2097 903 2122 ne
924 2085 1080 2135 hiemps
1116 2086 1201 2123 sola
1220 2083 1348 2133 glacie
1368 2090 1500 2121 ureret

151 2158 219 2188 aut
248 2151 335 2188 sola
364 2156 494 2188 aestas
525 2149 667 2187 ardore
702 2156 876 2194 torreret,
899 2148 1081 2186 autumni
1114 2156 1153 2186 et
1190 2147 1290 2185 veris
1327 2147 1501 2185 inserere

153 2215 332 2253 medium
347 2220 724 2264 temperamentum,
740 2220 783 2250 ut
803 2226 872 2262 per
892 2213 1055 2263 vestigia
1071 2226 1141 2251 sua
1156 2213 1249 2251 anni
1268 2210 1502 2250 revertentis

141 2279 303 2318 occulti
323 2288 361 2318 et
382 2279 533 2318 innoxii
554 2277 741 2316 transitus
762 2279 1006 2317 laberentur!

208 2344 267 2394 (9)
292 2344 393 2383 Mari
414 2345 600 2383 intende:
622 2344 707 2393 lege
727 2342 851 2382 litoris
867 2344 1085 2394 stringitur,
1103 2342 1294 2394 quicquid
1316 2343 1501 2381 arborum
