1619 2596
564 65 848 97 CHAPtTRES
887 65 1056 97 vni-x.
1457 66 1489 108 9<

134 176 272 226 inepta
292 175 429 214 nescio
445 188 522 225 qua
542 175 798 225 persuasione
819 176 995 214 venerari
1013 191 1019 214 :
1041 177 1162 226 digna
1180 183 1218 214 et
1236 183 1327 213 nata
1348 175 1488 224 religio·

133 241 278 280 talibus
300 241 500 279 moribus!
523 240 582 291 (4)
618 238 669 278 Et
690 240 758 290 qui
774 241 980 279 hominem
1011 255 1170 280 summo
1196 241 1392 291 supplicio
1412 254 1484 291 pro

132 307 306 345 facinore
327 305 514 356 punitum
546 314 584 344 et
607 308 734 343 crucis
755 306 861 356 ligna
891 306 1025 344 feralia
1057 320 1193 345 eorum
1219 306 1482 345 caerimonias

130 372 339 417 fabulatur,
371 371 629 421 congruentia
664 371 828 420 perditis
850 371 1134 421 sceleratisque
1166 371 1301 410 tribuit
1333 371 1481 418 altaria,

132 445 175 475 ut
196 437 236 475 id
256 438 389 475 colant
411 437 522 486 quod
543 444 753 474 merentur.
780 436 839 485 (5)
860 438 949 485 Jam
977 438 1027 475 de
1049 437 1254 475 initiandis
1275 437 1485 475 tirunculis

130 502 264 540 fabula
284 509 364 539 tam
385 502 623 539 detestanda
643 514 764 550 quam
779 509 873 538 nota
891 509 961 539 est.
987 503 1124 539 Infans
1142 504 1240 540 farre
1256 510 1480 548 contectu5‚

130 575 173 604 ut
203 566 379 617 decipiat
414 566 609 607 incautos,
641 566 858 615 adponitur
894 567 929 604 ei
958 567 1025 616 qui
1061 568 1180 605 sacris
1211 568 1408 605 inbuatur.
1443 568 1483 604 Is

127 631 259 669 infans
292 645 314 669 a
343 631 544 669 tirunculo
575 631 683 669 farris
714 631 928 681 superficie
958 632 1069 681 quasi
1100 633 1152 670 ad
1174 632 1357 670 innoxios
1379 632 1480 669 ictus

128 705 345 746 provocato
378 696 508 734 caecis
542 696 794 745 occultisque
826 697 1056 735 vulneribus
1087 697 1293 735 occiditur.
1330 699 1479 747 Hujus,

128 775 199 812 pro
238 762 349 799 nefas
373 764 379 799 1
416 760 595 799 sitienter
629 761 863 809 sanguinem
899 762 1094 806 lambunt,
1137 763 1255 811 hujus
1295 762 1475 800 certatim

128 827 308 865 membra
327 826 580 877 dispertiunt,
603 827 678 864 hac
694 828 951 865 foederantur
971 827 1112 873 hostia,
1136 829 1211 865 hac
1233 826 1479 866 conscientia

127 891 286 930 sceleris
325 893 376 930 ad
416 891 617 929 silentium
654 899 839 929 mutuum
889 892 1168 942 pignerantur!
1211 894 1327 930 Haec
1369 904 1479 930 sacra

127 956 344 1007 sacrilegiis
371 957 557 995 omnibus
580 958 773 995 taetriora.
799 959 859 1004 (6)
883 958 933 994 Et
955 958 1005 995 de
1027 957 1212 996 convivio
1233 965 1373 994 notum
1396 965 1477 1003 est3

125 1022 275 1072 passim
307 1035 447 1061 omnes
483 1024 680 1065 locuntur,
712 1022 751 1060 id
774 1022 894 1060 etiam
918 1022 1113 1061 Cirtensis
1150 1022 1274 1061 nostri
1308 1030 1478 1061 testatur

126 1086 263 1124 oratio.
288 1088 351 1125 Ad
373 1088 511 1136 epulas
532 1087 717 1125 sollemni
743 1087 807 1125 die
837 1094 986 1125 coeunt
1006 1101 1100 1125 curn
1117 1087 1306 1125 omnibus
1329 1086 1474 1132 liberis,

124 1152 339 1198 sororibus,
363 1151 568 1192 matribus,
591 1165 707 1190 sexus
738 1151 870 1189 omnis
892 1151 1078 1190 homines
1111 1160 1148 1190 et
1170 1152 1299 1189 omnis
1322 1151 1472 1195 aetatis,

125 1216 214 1254 Illic
247 1225 338 1266 post
359 1218 504 1255 multas
526 1218 676 1266 epulas,
711 1217 778 1254 ubi
811 1216 1042 1254 convivium
1082 1217 1203 1254 caluit
1238 1224 1275 1255 et
1299 1217 1475 1254 incestae

122 1281 301 1320 libidinis
321 1281 482 1320 ebriatis
517 1283 643 1320 fervor
675 1282 828 1327 exarsit,
852 1281 973 1332 canis,
999 1282 1066 1331 qui
1088 1282 1329 1320 candelabro
1351 1295 1474 1320 nexus

122 1355 192 1393 est,
212 1349 320 1397 jactu
343 1348 488 1386 offulae
522 1349 623 1386 ultra
645 1348 817 1397 spatium
852 1347 992 1391 lineae,
1026 1362 1105 1398 qua
1139 1349 1298 1386 vinctus
1319 1356 1403 1394 est,‹
1422 1349 1474 1386 ad

121 1411 315 1462 impetum
346 1421 384 1451 et
412 1414 555 1450 saltum
587 1421 836 1462 provocatur.
860 1413 919 1463 (7)
953 1413 1028 1459 Sic,
1061 1426 1200 1452 everso
1231 1422 1268 1452 et
1298 1414 1475 1452 extincto

120 1478 284 1516 conscio
305 1478 466 1525 lumine,
491 1479 786 1529 inpudentibus
807 1480 984 1518 tenebris
1006 1492 1132 1517 nexus
1158 1479 1348 1517 infandae
1368 1479 1474 1529 cupi-

118 1543 252 1581 ditatis
273 1543 482 1593 involvunt
502 1558 572 1594 per
592 1544 788 1582 incertum
813 1547 939 1592 sortis,
963 1545 1036 1584 etsi
1057 1557 1139 1583 non
1177 1558 1319 1582 omnes
1346 1557 1471 1594 opere,

117 1608 365 1647 conscientia
380 1616 516 1647 tamen
530 1609 677 1659 pariter
697 1609 851 1657 incesti,
875 1610 1070 1660 quoniam
1083 1617 1178 1647 voto
1194 1610 1472 1648 universorum

117 1673 320 1723 adpetitur
339 1673 534 1724 quicquid
554 1674 737 1713 accidere
758 1683 890 1724 potest
912 1676 952 1713 in
973 1682 1065 1713 actu
1091 1675 1350 1724 singulorum.

173 1740 222 1775 X.
249 1740 377 1777 Multa
397 1747 604 1789 praetereo
633 1742 846 1778 consulto:
879 1754 973 1778 nam
1011 1747 1049 1779 et
1078 1741 1177 1779 haee
1207 1740 1326 1778 nimis
1349 1742 1474 1778 multa

118 1810 221 1849 sunt,
254 1816 356 1853 quae
384 1812 453 1843 aut
482 1804 617 1843 omnia
644 1813 712 1843 aut
742 1806 932 1855 pleraque
961 1805 1144 1843 omnium
1175 1819 1267 1844 vera
1297 1806 1473 1844 declarat

114 1866 239 1917 ipsius
259 1881 405 1918 pravae
425 1869 626 1919 religionis
648 1870 885 1908 obscuritas,
911 1870 970 1919 (2)
992 1871 1075 1909 Cur
1094 1872 1245 1909 etenim
1267 1871 1472 1908 occultare

114 1941 154 1987 et
174 1933 436 1980 abscondere,
469 1934 664 1985 quicquid
696 1935 797 1974 illud
823 1937 973 1982 colunt,
1008 1948 1248 1986 magnopere
1278 1935 1469 1982 nituntur,

116 2010 209 2036 curn
231 1999 401 2037 honesta
422 2013 580 2050 semper
601 2000 765 2049 publico
785 2001 999 2050 gaudeant,
1023 2001 1173 2038 scelera
1194 2008 1345 2039 secreta
1365 2001 1473 2038 sint?

117 2076 186 2101 cur
206 2065 336 2102 nullas
355 2077 441 2102 aras
468 2065 632 2111 habent,
655 2066 807 2115 templa
827 2066 946 2112 nulla,
979 2067 1088 2103 nulla
1122 2073 1217 2103 nota
1247 2065 1469 2112 simulacra,

118 2139 338 2176 numquam
352 2129 482 2177 palam
496 2128 617 2177 loqui,
634 2141 857 2178 numquam
872 2128 996 2166 libere
1009 2127 1250 2178 congregari,
1267 2128 1342 2166 nisi
1357 2128 1468 2171 illud,

117 2192 228 2239 quod
248 2192 387 2229 colunt
407 2200 445 2229 et
467 2191 763 2240 interprimunt,
785 2201 854 2230 aut
874 2191 1126 2242 puniendum
1147 2200 1206 2231 est
1226 2200 1293 2230 aut
1319 2195 1470 2243 puden-

117 2256 240 2293 dum?
268 2256 326 2305 (3)
352 2257 472 2295 Unde
501 2264 635 2295 autern
671 2259 732 2295 vel
762 2257 851 2306 quis
882 2259 948 2298 ille
981 2267 1049 2297 aut
1081 2258 1148 2297 ubi
1179 2259 1278 2297 deus
1313 2259 1467 2305 unicus,

118 2322 328 2369 solitarius,
351 2323 578 2370 destitutus,
601 2336 720 2373 quern
744 2337 824 2362 non
846 2338 944 2375 gens
965 2326 1101 2373 libera,
1127 2338 1207 2363 non
1230 2338 1362 2375 regna,
1386 2338 1469 2363 non
