1619 2596
540 78 795 108 CHAPITRE
832 78 995 108 XXXII.
1350 79 1440 122 159

99 184 386 233 deuchategories
410 197 444 223 et
466 192 550 223 celui
566 192 622 233 qui
641 197 690 223 est
708 199 724 223 «
738 193 810 233 plus
823 193 911 233 juste
924 201 940 224 ›>
967 195 1042 234 (que
1059 194 1105 224 les
1121 195 1243 230 autres)
1262 199 1312 225 est
1336 202 1353 227 «
1365 194 1440 235 plus

98 241 226 282 pieux»
247 242 327 282 (que
352 242 399 272 les
423 242 561 279 autres),
587 251 652 271 aux
676 252 761 281 yeux
787 241 845 272 des
872 240 1055 279 chretiens3
1083 242 1124 274 cf.
1154 251 1184 280 2,
1215 251 1242 274 1.
1276 262 1313 266 ——
1330 243 1440 285 Apud

97 298 164 323 nos
183 298 200 322 «
212 289 231 321 a
247 301 307 321 nos
321 301 406 331 yeux
418 297 459 327 )>;
476 290 515 321 cf.
537 297 591 330 35,
610 290 639 320 6.
671 290 734 321 Les
758 289 847 322 idees
864 291 922 322 des
938 291 953 327 ἐ
973 299 1025 330 1-3
1044 298 1118 322 sont
1143 290 1241 323 tirees
1264 293 1305 324 (le
1322 285 1437 324 l'Ecri-

97 345 180 373 ture.
207 341 312 370 Actus
335 341 462 379 Apost„
492 346 521 377 7,
550 338 613 377 48:
640 340 707 369 Sed
727 350 792 370 non
818 340 979 370 Excelszts
1005 342 1041 370 2'12
1070 341 1273 383 manufactis
1296 343 1435 380 habitat,

97 389 179 420 sicut
194 388 357 430 propheta
374 387 509 429 (Proph.
532 387 649 426 Isaiae,
670 388 721 425 66‚
746 391 776 426 1)
793 389 872 419 dicit
888 401 894 419 :
914 397 966 427 49.
988 397 1005 419 «
1021 390 1155 420 Caelum
1175 391 1263 421 mz'lzi
1275 393 1360 422 sedes
1377 397 1435 425 est,

95 443 183 469 terra
197 443 311 468 autem
327 437 509 468 scabellum
526 437 647 478 pedum
659 448 818 474 meorum,
835 449 935 478 quam
947 440 1079 469 domum
1096 440 1310 481 aedzfisabitzssv
1326 442 1439 472 milei!

97 487 180 518 dixit
197 487 382 521 Dominus:
399 496 456 517 aut
472 486 545 527 quis
561 487 652 517 locus
668 487 883 528 requietionis
901 498 994 519 meae
1011 489 1084 519 est?
1100 496 1150 528 50.
1180 489 1300 521 Nonne
1316 501 1438 521 manus

95 536 256 577 meafl’cit
269 536 345 566 llaec
359 536 498 566 omnia?
514 535 565 567 Cf.
586 536 644 574 ib„
666 543 716 573 17,
738 545 789 574 24.
810 537 873 577 Ep.
898 537 990 567 Pauli
1008 532 1054 567 ἀεί
1069 538 1156 575 σωκ,
1180 547 1207 576 1,
1223 547 1253 578 3,
1277 540 1314 570 16
1329 551 1336 575 ;
1354 548 1385 576 2,
1401 540 1433 576 6,

98 585 137 616 16
152 597 160 621 ;
177 585 223 616 ad
240 585 342 623 Tim„
365 593 391 622 1,
415 593 441 622 Ι,
464 591 492 624 5.
514 585 607 625 Reg„
628 594 659 625 3,
680 578 711 622 8,
732 593 782 624 27.
805 587 944 623 Psalm„
966 594 1017 626 50,
1042 586 1148 626 18-19.
1171 588 1293 629 Proph.
1313 589 1432 626 Isaiae,

97 643 125 672 1,
148 642 196 664 11.
226 633 280 665 On
304 638 422 664 trouve
447 634 505 665 des
533 632 622 665 idees
646 635 827 675 analogues
850 634 934 666 dans
959 633 1110 673 ciceron,
1130 637 1183 667 De
1199 648 1231 667 η.
1253 638 1298 675 αἱ,
1319 646 1349 674 2,
1370 645 1432 677 71:

94 683 213 714 Cultus
249 682 387 713 deorum
413 688 462 713 est
495 683 640 723 optimus
673 682 827 724 idemque
855 684 1056 715 castissimus
1084 691 1184 726 atque
1211 686 1435 717 sanctissimus

92 731 368 773 plenissimusque
396 731 540 772 pietatis,
570 736 606 762 ut
637 743 694 763 eos
724 743 854 773 semper
873 739 979 773 pura,
1008 735 1147 773 langrra,
1183 736 1376 776 incorrupta
1405 741 1435 767 e!

93 786 197 812 mente
211 785 242 812 et
255 791 326 811 voce
340 791 543 818 veneremur,
563 786 597 812 et
612 781 694 812 dans
712 780 878 823 seneque,
898 782 935 813 fr.
960 791 1018 823 123
1037 782 1114 820 (cite
1136 794 1194 824 par
1221 785 1327 822 Lact.,
1347 785 1429 816 Div.

349 1646 471 1678 Lampes
489 1646 669 1673 chretiennes
687 1653 803 1679 portant
822 1648 846 1673 [e
867 1658 1078 1681 monogramme
1098 1650 1160 1675 XP.

84 1760 178 1797 inst„
206 1759 238 1798 6,
267 1766 307 1800 25
335 1759 391 1800 3):
428 1760 577 1790 Vultisne
595 1771 649 1790 vos
671 1762 767 1791 deum
791 1763 929 1801 cogitare
945 1773 1147 1802 magnum...
1175 1774 1240 1794 non
1264 1765 1426 1804 sanguim

83 1810 186 1839 mullo
201 1809 380 1844 colendum,
402 1809 459 1840 sed
471 1814 576 1840 mente
584 1816 690 1850 pura,
709 1811 787 1841 bono
804 1812 994 1852 honestoque
1006 1813 1175 1852 proposito.
1204 1813 1282 1843 *Non
1306 1815 1426 1854 templa

83 1859 140 1888 z'llz'
151 1859 306 1898 congestis
322 1859 359 1889 in
375 1859 589 1889 altitudinem
606 1860 698 1889 saxis
713 1861 912 1890 exstruenda
927 1866 1009 1891 sunt
1020 1871 1030 1891 .·
1054 1862 1091 1891 in
1115 1872 1172 1892 suo
1187 1864 1308 1902 suique
1323 1874 1425 1893 conse—

81 1908 226 1937 crandus
240 1912 287 1938 est
294 1912 429 1948 pestere.
453 1908 505 1938 De
523 1907 642 1945 meme,
662 1900 745 1939 dan's
761 1920 812 1940 ses
828 1910 953 1949 Epist„
973 1919 992 1948 9
997 1917 1026 1950 5,
1045 1918 1086 1949 47
1101 1923 1107 1941 :
1134 1912 1246 1941 Deum
1271 1913 1346 1941 solit
1366 1913 1429 1951 qui

81 1958 183 1988 novit.
206 1958 280 1988 Etc.
302 1957 409 1995 Lact.‚
428 1958 482 1988 De
498 1959 552 1988 ira
567 1959 645 1996 Des,
666 1968 718 1997 24,
742 1968 800 1997 14:
828 1960 881 1989 Sit
906 1960 996 1990 nohis
1022 1961 1115 1990 Deus
1140 1972 1206 1991 non
1224 1962 1261 1991 2¹72
1279 1962 1420 2002 templis,

80 2007 138 2037 sed
149 2007 187 2037 in
202 2007 291 2037 corde
307 2011 414 2036 nostro
430 2012 639 2038 consecratus.

123 2103 154 2138 4.
183 2104 232 2136 Cf.
253 2105 348 2146 chap.
368 2105 412 2142 X,
427 2113 455 2145 5.
477 2123 518 2128 —
534 2103 585 2136 At
610 2104 706 2137 enirn
724 2113 740 2136 «
756 2106 849 2144 mais,
868 2106 1050 2138 dites-vous
1067 2115 1083 2138 »
1101 2107 1242 2138 formule
1258 2108 1423 2150 classique

80 2164 163 2194 pour
178 2153 361 2184 introduire
376 2164 443 2185 une
459 2154 627 2195 objection
644 2154 663 2185 ὲ
680 2155 827 2194 laquelle
844 2165 887 2186 on
905 2164 981 2186 veut
999 2154 1162 2197 repondre
1176 2168 1185 2193 3
1201 2157 1237 2187 cf
1250 2164 1301 2196 25,
1326 2166 1351 2188 1.
1381 2176 1423 2180 —

81 2203 198 2236 Immo
222 2211 240 2235 «
257 2203 312 2234 oui
336 2209 452 2241 certes,
479 2203 607 2235 mais».
637 2223 678 2227 -
706 2204 768 2235 Ex
793 2204 863 2236 hoc
891 2213 908 2236 ς(
924 2204 943 2236 ὲ
968 2216 1065 2236 cause
1091 2206 1133 2236 de
1154 2207 1234 2243 ceci,
1265 2205 1283 2237 ὲ
1312 2207 1421 2238 savoir

78 2264 143 2294 que
154 2260 185 2291 >),
203 2263 355 2283 annonce
370 2253 464 2293 quod,
484 2264 613 2283 comme
631 2254 697 2284 ideo
715 2254 780 2293 (25,
799 2253 819 2283 6
834 2265 842 2291 ;
860 2254 912 2291 26,
932 2255 977 2292 2).
999 2273 1041 2276 —
1058 2253 1165 2295 Quod
1178 2264 1416 2296 possumus...

78 2310 153 2333 non
168 2310 378 2342 possumus.
399 2301 576 2333 Antithese
592 2307 624 2333 et
640 2302 824 2343 asyndeton
838 2315 844 2333 :
865 2310 882 2334 «
896 2314 972 2334 sans
988 2304 1018 2334 le
1035 2303 1116 2341 voir,
1136 2315 1220 2335 nous
1237 2309 1374 2335 sentons
1384 2315 1419 2335 sa

78 2349 235 2392 presence
248 2358 280 2388 )>;
297 2351 337 2381 cf.
358 2359 411 2389 21,
434 2359 530 2381 12.—
545 2350 683 2391 Tonat,
702 2358 783 2389 etc.,
801 2352 917 2384 verbes
933 2352 1197 2393 unipersonnels.
1210 2371 1252 2374 —
1266 2354 1299 2385 S.
1322 2354 1417 2392 Paul,
