1619 2596
428 55 710 88 CHAP1TRES
747 53 1075 85 XXVI-XXVIII.
1294 70 1297 72 ·
1352 52 1407 96 31

35 216 37 218 ‚
67 168 187 214 tibus,
212 167 469 206 mentiuntur.
494 166 553 216 (7)
577 166 680 217 Ipsis
703 165 881 211 testibus,
905 178 994 203 esse
1014 178 1082 202 eos
1111 166 1342 211 daemonas,
1365 166 1415 203 de

67 248 110 272 se
139 246 277 271 verum
308 232 597 270 confitentibus
624 231 798 269 credite:
834 229 1004 278 adjurati
1036 229 1144 267 enim
1181 243 1249 278 per
1282 231 1415 267 Deum

69 311 207 337 verum
236 305 275 336 et
310 299 451 344 solum,
488 296 614 343 inviti,
649 295 779 333 miseri
813 294 1046 344 corporibus
1078 294 1356 332 inhorrescunt
1378 302 1416 333 et

68 368 130 405 vel
168 365 336 404 exiliunt
370 365 504 403 statim
539 365 600 402 vel
635 372 884 402 evanescunt
918 363 1126 413 gradatim,
1160 371 1277 413 prout
1318 364 1416 402 fides

68 431 254 482 patientis
274 431 439 480 adjuvat
458 437 525 468 aut
546 430 671 479 gratia
691 429 862 467 curantis
878 429 1066 478 adspirat.
1087 429 1152 466 Sic
1166 429 1417 468 Christianos

68 498 118 535 de
140 496 320 547 proximo
340 495 524 545 fugitant,
539 507 641 544 quos
663 495 782 543 longe
803 495 843 531 in
866 494 1049 532 coetibus
1071 507 1141 544 per
1161 507 1230 532 vos
1251 496 1418 533 lacesse«

71 563 176 600 bant.
215 561 274 610 (8)
308 562 409 600 Ideo
431 560 566 599 inserti
590 559 791 598 mentibus
823 559 1097 609 imperitorum
1133 560 1272 597 odium
1295 560 1418 598 nostri

69 636 207 665 serunt
238 627 396 665 occulte
428 639 497 675 per
528 626 743 663 timorem:
778 626 957 662 naturale
991 633 1050 662 est
1082 624 1189 662 enim
1225 633 1263 663 et
1284 625 1418 663 odisse

71 706 190 742 quem
223 691 378 740 timeas,
415 700 452 729 et
486 704 608 741 quem
649 691 836 728 metueris
876 691 1074 737 infestare,
1116 690 1146 727 si
1180 690 1321 740 possis.
1353 691 1418 728 Sic

71 765 273 807 occupant
293 757 449 795 animos
465 765 503 794 et
525 757 739 794 obstruunt
761 763 935 806 pectora,
960 764 1001 793 ut
1022 764 1115 794 ante
1132 769 1205 793 nos
1227 756 1420 806 incipiant

72 824 258 861 homines
279 822 414 861 odisse
435 836 555 872 quam
578 834 710 868 nosse,
736 836 786 860 ne
807 821 989 871 cognitos
1010 831 1077 859 aut
1101 821 1242 859 imitari
1265 822 1419 871 possint

70 897 139 927 aut
160 890 352 927 damnare
373 901 453 926 non
476 887 643 938 possint.

125 955 328 992 XXVIII.
362 954 496 1002 Quam
531 961 666 991 autem
695 953 846 990 inicum
868 952 928 999 sit,
952 952 1166 1002 incognitis
1187 960 1225 990 et
1245 953 1420 1003 inexplo-

71 1019 162 1057 ratis
180 1020 374 1068 judicare,
393 1019 503 1068 quod
524 1018 665 1065 facitis,
686 1019 802 1055 nobis
820 1018 914 1067 ipsis
937 1018 1234 1068 paenitentibus
1255 1019 1417 1057 credite.

71 1085 131 1134 (2)
155 1086 204 1122 Et
228 1097 302 1122 nos
322 1083 430 1122 enim
451 1083 558 1122 idern
582 1084 728 1121 fuimus
750 1091 788 1121 et
810 1085 951 1122 eadem
979 1084 1188 1122 vobiscum
1213 1086 1419 1133 quondam

71 1150 207 1188 adhuc
246 1149 354 1187 caeci
402 1157 440 1186 et
488 1149 654 1187 hebetes
702 1149 990 1196 sentiebamus,
1040 1149 1153 1197 quasi
1201 1148 1420 1188 Christiani

72 1221 252 1253 monstra
271 1215 459 1259 colerent,
485 1213 656 1252 infantes
677 1223 874 1260 vorarent,
905 1213 1088 1252 convivia
1109 1214 1262 1253 incesta
1284 1214 1421 1255 misce-

72 1287 169 1327 rent,
192 1292 266 1317 nec
287 1279 623 1328 intellegebamus
637 1280 688 1317 ab
702 1280 762 1317 his
785 1279 941 1317 fabulas
958 1279 1054 1318 istas
1069 1293 1225 1330 semper
1241 1281 1421 1319 ventilari

71 1353 111 1383 et
131 1357 353 1394 numquam
374 1345 436 1382 vel
459 1345 686 1394 investigari
708 1346 768 1383 vel
791 1344 962 1395 probari,
997 1358 1072 1383 nec
1093 1352 1206 1383 tanto
1240 1353 1422 1396 tempore

71 1410 246 1460 aliquem
280 1410 446 1448 existere
478 1409 547 1459 qui
581 1411 780 1459 proderet,
818 1423 898 1448 non
933 1417 1089 1448 tantum
1123 1410 1215 1449 facti
1250 1403 1419 1458 veniam,

73 1489 208 1514 verum
237 1475 358 1513 etiam
393 1474 529 1513 indicii
560 1476 724 1525 gratiam
746 1484 1082 1514 consecuturum:
1116 1477 1265 1514 malum
1287 1486 1420 1516 autem

72 1541 177 1578 adeo
212 1552 294 1577 non
328 1552 427 1586 esse,
461 1548 503 1577 ut
533 1540 788 1579 Christianus
824 1554 911 1578 reus
947 1554 1020 1579 nec
1055 1541 1308 1580 erubesceret
1347 1555 1422 1580 nec

73 1604 240 1650 timeret,
263 1611 301 1642 et
321 1617 447 1642 unum
469 1605 739 1652 solummodo,
775 1607 886 1654 quod
908 1618 990 1643 non
1010 1613 1103 1643 ante
1132 1606 1260 1653 fuerit,
1291 1606 1422 1656 paeni-

74 1677 184 1708 teret.
226 1669 285 1718 (3)
318 1670 403 1707 Nos
435 1676 569 1708 tamen
605 1683 696 1707 cum
732 1672 945 1720 sacrilegos
979 1670 1134 1720 aliquos
1167 1681 1205 1709 et
1236 1673 1420 1719 incestos,

73 1734 291 1785 parricidas
330 1735 452 1772 etiam
486 1735 771 1773 defendendos
805 1744 843 1774 et
884 1737 1057 1774 tuendos
1090 1736 1420 1787 suscipiebamus,

74 1802 148 1838 hos
187 1813 262 1838 nec
301 1799 528 1839 audiendos
562 1800 603 1838 in
642 1809 773 1839 totum
815 1801 1071 1851 putabamus,
1113 1815 1422 1852 nonnumquam

74 1864 195 1903 etiam
217 1864 450 1904 miserantes
471 1878 611 1903 eorum
632 1866 834 1904 crudelius
855 1867 1143 1913 saeviebamus,
1162 1875 1204 1905 ut
1226 1876 1424 1917 torquere-

76 1943 163 1968 mus
211 1931 450 1968 confitentes
501 1931 551 1969 ad
596 1933 839 1980 negandum,
890 1931 1077 1971 videlicet
1135 1946 1184 1971 ne
1231 1933 1421 1983 perirent,

76 2002 309 2033 exercentes
344 1995 383 2033 in
414 1995 476 2033 his
497 2009 723 2045 perversam
747 1996 1036 2046 quaestionem,
1061 2011 1141 2036 non
1164 2011 1266 2047 quae
1287 2011 1421 2036 verum

75 2066 242 2106 erueret,
261 2060 331 2097 sed
353 2073 455 2109 quae
476 2061 735 2098 mendacium
758 2069 928 2111 cogeret.
946 2062 1005 2112 (4)
1023 2064 1074 2100 Et
1095 2063 1124 2100 si
1142 2062 1209 2112 qui
1231 2063 1426 2100 infirmior

78 2126 182 2163 malo
204 2138 365 2175 pressus
386 2134 426 2164 et
447 2126 574 2164 victus
596 2126 871 2166 Christianum
903 2141 943 2166 se
974 2137 1169 2178 negasset,
1192 2129 1424 2167 favebamus

77 2190 124 2237 ei,
147 2189 259 2240 quasi
279 2190 430 2238 ejerato
449 2192 614 2230 nomine
646 2193 726 2241 jam
750 2194 887 2231 omnia
907 2194 1010 2232 facta
1030 2207 1100 2232 sua
1121 2194 1189 2232 illa
1210 2194 1424 2244 negatione

78 2262 271 2305 purgaret.
301 2255 361 2305 (5)
385 2256 694 2306 Adgnoscitisne
729 2259 869 2296 eadem
899 2272 972 2297 nos
1007 2260 1179 2298 sensisse
1211 2268 1250 2298 et
1285 2259 1423 2309 egisse,

78 2333 182 2370 quae
202 2320 357 2359 sentitis
379 2329 416 2359 et
437 2321 598 2371 geritis?
624 2336 728 2369 cum,
752 2324 782 2360 si
804 2323 916 2370 ratio,
940 2337 1022 2363 non
1044 2324 1247 2376 instigatio
1267 2326 1426 2364 daemo-
