1619 2596
112 54 174 111 38
649 67 910 99 OCTAWUS.

105 174 260 213 animas
283 177 420 213 volunt
442 184 480 214 et
501 186 694 226 perpetuo
727 191 886 217 manere
916 187 954 217 et
986 179 1023 216 in
1054 180 1129 216 alia
1151 193 1253 217 nova
1288 192 1455 229 corpora

106 240 265 290 saepius
286 252 524 279 commeare.
549 244 608 291 (7)
631 243 800 281 Addunt
823 244 905 281 istis
927 253 963 282 et
986 244 1052 282 illa
1072 245 1122 282 ad
1144 246 1453 294 retorquendam

107 305 324 352 veritatem,
349 306 389 344 in
410 308 598 356 pecudes,
620 320 724 354 aves,
748 308 885 346 beluas
907 309 1113 347 hominum
1139 309 1294 347 animas
1314 310 1452 348 redire.

109 370 202 406 Non
231 370 463 420 philosophi
494 384 589 409 sane
619 371 765 415 studio.
790 373 860 411 sed
892 373 1001 410 mimi
1029 373 1204 411 convicio
1232 374 1352 424 digna
1380 374 1454 412 ista

107 434 304 472 sententia
324 443 395 473 est.
420 436 478 485 (8)
501 437 579 474 Sed
601 437 652 475 ad
673 436 921 487 propositum
943 437 1036 476 satis
1063 446 1134 484 est,
1167 438 1284 476 etiam
1316 439 1354 476 in
1377 440 1454 477 hoe

105 499 305 550 sapientes
327 509 479 539 vestros
506 501 547 539 in
573 501 747 551 aliquem
782 503 945 540 modum
979 503 1187 540 nobiscum
1219 516 1452 542 consonare.

162 564 222 613 (9)
245 565 434 604 Ceterum
470 566 558 615 quis
594 575 673 604 tarn
708 568 850 605 stultus
881 576 948 605 aut
985 568 1121 605 brutus
1155 576 1224 613 est,
1247 576 1289 605 ut
1309 569 1454 606 audeat

108 643 338 680 repugnare,
363 631 568 669 hominen]
603 645 625 669 a
658 633 758 678 Deo,
791 640 833 670 ut
868 633 1038 682 primum
1075 633 1252 682 potuisse
1274 633 1378 682 fingi,
1401 633 1454 671 ita

107 707 225 744 posse
241 696 376 734 denuo
392 697 618 734 reformari?
639 697 736 734 nihil
753 710 840 735 esse
857 705 946 747 post
967 698 1133 743 obitum,
1156 706 1194 736 et
1214 707 1306 736 ante
1322 706 1452 736 ortum

108 759 205 798 nihil
227 760 378 799 fuisse?
408 761 509 800 sicut
539 763 590 800 de
612 762 737 800 nihilo
765 762 874 800 nasci
902 763 1023 809 licuit,
1045 763 1098 800 ita
1118 765 1168 802 de
1190 764 1316 801 nihilo
1337 763 1454 802 licere

106 825 300 875 reparari?
323 828 444 864 Porro
461 827 658 865 difficilius
679 835 748 874 est,
768 827 809 865 id
829 829 939 877 quod
960 841 1040 866 non
1061 828 1110 866 sit
1130 829 1318 879 incipere,
1334 842 1452 878 quarn

108 891 148 929 id
182 893 293 941 quod
322 892 435 930 fuerit
456 892 609 930 iterare.
634 892 720 943 (10)
742 894 804 929 Tu
826 892 951 943 perire
972 902 1009 931 et
1034 895 1121 931 Deo
1142 893 1281 939 credis,
1304 893 1334 931 si
1356 893 1452 943 quid

106 958 231 995 oculis
270 958 415 996 nostris
455 958 666 996 hebetibus
706 959 978 997 subtrahitur?
1017 960 1173 1010 Corpus
1212 973 1331 998 omne
1372 960 1453 998 sive

104 1021 247 1061 arescit
270 1023 310 1062 in
331 1025 535 1073 pulverem
557 1023 638 1062 sive
666 1023 705 1060 in
731 1037 911 1063 umorem
937 1025 1102 1062 solvitur
1121 1026 1181 1063 vel
1216 1025 1255 1062 in
1276 1026 1450 1064 cinerem

104 1088 382 1138 comprimitur
402 1090 464 1127 vel
486 1089 524 1126 in
554 1089 732 1127 nidorem
755 1097 949 1137 tenuatur,
972 1090 1206 1128 subducitur
1226 1091 1355 1136 nobis,
1379 1092 1449 1129 sed

109 1155 196 1191 Deo
237 1155 529 1192 elementorum
570 1154 753 1192 custodia
790 1164 1019 1193 reservatur.
1061 1157 1158 1202 Nec,
1199 1164 1241 1193 ut
1280 1156 1451 1201 creditis,

105 1219 231 1256 ullum
254 1220 447 1257 damnum
465 1220 694 1269 sepulturae
711 1219 908 1267 timemus,
925 1221 995 1258 sed
1011 1228 1181 1259 veterem
1196 1228 1234 1259 et
1247 1222 1452 1259 meliorem

104 1285 444 1323 consuetudinem
466 1285 662 1323 humandi
684 1286 993 1334 frequentamus

162 1349 198 1398 (Ι
213 1349 248 1399 1)
270 1350 376 1387 Vide
403 1351 518 1397 adeo,
542 1363 662 1399 quam
685 1349 723 1387 in
755 1350 948 1388 solacium
981 1350 1105 1389 nostri
1126 1351 1451 1390 resurrectionem

103 1416 275 1452 futuram
303 1414 434 1453 omnis
466 1424 606 1453 natura
636 1416 860 1454 meditetur.
893 1417 960 1454 Sol
993 1416 1188 1465 demergit
1208 1424 1246 1454 et
1267 1418 1452 1463 nascitur,

103 1486 207 1517 astra
246 1480 434 1518 labuntur
463 1488 501 1518 et
533 1481 713 1526 redeunt,
750 1483 866 1519 fiores
901 1481 1093 1519 occidunt
1124 1488 1162 1518 et
1191 1482 1451 1530 revivescunt,

104 1552 194 1594 post
214 1544 371 1582 senium
392 1546 553 1584 arbusta
577 1547 854 1593 frondescunt,
891 1546 1043 1584 semina
1075 1546 1236 1585 nonnisi
1270 1555 1453 1598 corrupta

104 1610 370 1648 revirescunt:
404 1610 457 1648 ita
488 1623 632 1660 corpus
662 1610 701 1648 in
724 1613 897 1657 saeculo,
921 1618 962 1649 ut
996 1611 1154 1650 arbores
1183 1612 1222 1649 in
1257 1612 1451 1651 hiberno:

103 1676 308 1713 occultant
340 1675 507 1714 virorem
540 1675 726 1714 ariditate
759 1675 934 1715 mentita.
959 1676 1045 1725 (12)
1069 1676 1178 1724 Quid
1213 1676 1386 1724 festinas,
1410 1683 1453 1715 ut

102 1741 226 1778 cruda
264 1741 399 1778 adhuc
438 1741 569 1780 hieme
604 1741 821 1780 revivescat
860 1748 898 1779 et
938 1742 1104 1779 redeat?
1146 1742 1452 1791 Expectandum

105 1806 222 1844 nobis
242 1806 363 1844 etiam
385 1806 563 1856 corporis
585 1820 651 1845 ver
672 1815 742 1845 est.

159 1872 246 1908 Nec
267 1871 405 1920 ignoro
426 1873 639 1921 plerosque
661 1871 905 1910 conscientia
928 1870 1157 1909 meritorum
1183 1871 1282 1909 nihil
1303 1885 1346 1910 se
1367 1884 1455 1910 esse

105 1944 194 1984 post
210 1943 378 1974 mortem
395 1936 517 1986 magis
533 1945 671 1986 optare
687 1950 807 1987 quam
829 1937 990 1974 credere
1007 1951 1013 1973 :
1037 1937 1190 1974 malunt
1207 1936 1315 1974 enirn
1333 1935 1456 1974 extin-

102 1999 168 2049 gui
190 2000 349 2050 penitus
370 2013 490 2050 quarn
513 2002 563 2039 ad
583 2001 782 2051 supplicia
803 2001 985 2051 reparari.
1010 2002 1192 2049 Quorum
1214 2014 1320 2039 error
1339 2014 1455 2051 auge-

103 2073 168 2102 tur
196 2073 235 2103 et
265 2065 305 2102 in
327 2067 487 2103 saeculo
509 2065 690 2104 libertate
711 2066 874 2104 remissa
894 2074 933 2104 et
958 2066 1032 2103 Dei
1055 2065 1249 2116 patientia
1270 2065 1452 2112 maxima,

104 2130 217 2178 cujus
239 2139 389 2179 quanto
408 2131 602 2180 judicium
625 2133 793 2177 lardum,
817 2139 928 2169 tanto
952 2132 1074 2180 magis
1093 2132 1244 2180 justum
1267 2140 1338 2170 est.

158 2196 324 2234 XXXV.
359 2197 408 2234 Et
435 2204 569 2234 tamen
603 2197 875 2236 admonentur
909 2197 1094 2235 homines
1129 2196 1453 2235 doctissimorum

102 2259 207 2298 libris
242 2268 281 2299 et
314 2261 558 2300 carminibus
598 2269 806 2311 poetarum
842 2261 944 2299 illius
979 2261 1085 2310 ignei
1124 2261 1298 2299 fluminis
1331 2268 1370 2299 et
1403 2262 1455 2300 de

101 2324 238 2374 Stygia
268 2326 414 2374 palude
448 2327 604 2377 saepius
639 2326 852 2365 ambientis
881 2326 1044 2373 ardoris,
1076 2339 1178 2375 quae
1212 2325 1454 2364 cruciatibus
