1619 2596
561 85 818 115 CHAPrrRE
856 84 922 115 XI.
1251 94 1253 97 .
1356 71 1383 114 8
1396 85 1411 115 1

74 195 154 228 c’est
165 203 182 229 «
199 206 355 227 menacer
370 196 412 227 de
429 203 458 228 )>.
475 196 562 231 Cic.‚
580 196 687 232 Plzil„
708 202 738 234 5,
758 204 795 226 21
814 206 820 225 :
838 195 924 235 quid
935 200 1006 226 erat
1021 195 1126 231 aliud,
1143 195 1214 224 nisi
1224 195 1420 225 denuntiare

69 246 185 286 populo
208 246 358 276 Romano
379 245 569 276 servitutem
584 244 599 275 ‚9
623 263 664 267 —
696 243 778 276 Sibi
804 242 957 275 mortuis
983 241 1193 283 exstinctis,
1220 254 1421 284 synonymes

72 295 167 332 (avec
181 294 373 335 gradation)
391 300 423 325 et
439 294 624 335 asyndeton
639 293 656 323 a
673 293 759 324 deux
777 293 943 324 membres
958 304 966 329 ;
981 293 1020 324 cf.
1043 302 1074 332 3,
1092 293 1123 324 6.
1143 311 1185 314 —
1201 293 1277 323 Sibi
1291 299 1308 324 «
1321 291 1340 323 a
1357 293 1420 324 soi-

73 343 182 375 meme
199 352 216 376 )>
234 354 276 374 au
292 343 358 374 lieu
376 343 417 374 de
435 344 525 374 nobis
543 349 560 373 (<,
577 342 596 373 a
613 353 697 373 nous
716 350 745 374 )>.
769 343 832 373 Les
848 340 1002 373 reflc'chis
1018 342 1060 372 de
1077 342 1109 372 la
1126 349 1162 381 3e
1175 352 1342 381 personne
1357 343 1424 373 sibi

73 397 106 423 et
134 403 165 423 se
191 392 403 434 s'emploient
428 392 638 434 quelquefois
668 402 749 422 avec
775 391 806 422 le
832 401 908 422 sens
933 390 1070 431 general
1102 392 1143 421 de
1175 389 1308 422 reflechi
1343 402 1421 422 sans

72 452 201 472 nuance
217 442 258 472 de
276 452 451 482 personne,
471 440 560 472 donc
584 451 666 482 pour
690 440 780 471 l'une
804 440 863 471 des
887 440 969 471 trois
993 450 1175 480 personnes
1199 437 1354 478 (ἑαυτοῦ,
1378 451 1420 471 en

72 492 175 530 grec).
196 491 246 522 Cf.
272 490 321 529 18,
345 499 370 522 1.
393 490 478 528 Cic.‚
497 492 549 521 De
573 501 606 521 n.
627 491 672 526 αἱ,
697 499 724 526 1,
744 489 805 528 84:
830 490 936 527 Quam
961 490 1081 520 bellum
1104 494 1185 525 erat,
1214 490 1321 526 Vellei,
1349 501 1419 521 con-

68 540 163 578 fiteri
179 541 294 580 potius
317 541 438 570 nescire
464 540 553 580 qnod
573 540 721 575 nescires,
741 549 842 578 quam
872 539 981 578 ithsutn
994 533 1070 569 ‘sibi
1098 538 1293 578 displicere?
1310 539 1338 568 V
1341 539 1417 580 irg.,

73 590 173 626 Aen„
187 589 217 626 6,
235 595 316 628 743:
334 589 478 629 Quisque
491 598 567 619 suos
576 589 735 628 patimur
755 587 884 617 Alanos.
910 588 957 617 Iei
975 587 1202 627 relinquimus
1218 597 1237 617 a
1253 586 1371 618 amene
1388 589 1420 618 la

72 636 233 677 premiere
259 648 425 678 personne
452 638 624 667 nascimur
650 642 682 667 et
707 635 825 666 l'infin.
853 637 1075 676 repromittere
1101 647 1120 666 a
1147 635 1265 666 amene'
1282 638 1359 670 sibi,
1379 655 1419 659 —

74 685 354 728 Repromittere.
381 687 429 717 Le
453 685 568 717 suffixe
585 696 619 716 re
634 685 745 725 ajoute
769 684 788 715 ὲ
806 684 904 716 l'idee
932 685 974 715 de
991 691 1009 716 «
1028 690 1209 725 promettre
1228 693 1245 717 »
1270 686 1355 716 celle
1378 686 1419 716 de

72 742 253 775 promettre
269 743 288 767 «
302 735 343 766 de
360 745 512 766 nouveau
527 746 542 766 »
561 745 603 766 ou
623 741 640 765 «
653 744 696 765 en
714 740 825 765 retour
837 742 867 766 »ε
887 734 927 764 ils
945 740 1129 771 moun-rom,
1149 733 1233 764 mais
1249 734 1358 775 apres,
1378 745 1419 764 en

71 784 249 822 remnehe,
268 784 308 815 ils
325 783 458 814 vivront
475 782 742 815 eternellement.

116 831 167 864 Et
181 831 381 865 interimus.
395 834 444 864 Et
456 840 504 863 est
521 832 584 863 mis
599 843 681 873 pour
697 833 809 869 etiam,
823 832 911 862 donc
923 831 1019 870 (ita)
1030 833 1130 862 etiam
1149 833 1329 863 interimus
1345 841 1362 864 <‹
1377 833 1419 863 de

71 881 178 913 meme
194 882 327 913 aussi».
350 882 444 912 Dans
468 883 515 913 les
539 881 676 922 phrases
701 879 931 917 eorre'latives,
954 882 1002 911 M.
1024 881 1060 911 F.
1082 880 1171 912 aime
1195 880 1214 911 a
1237 881 1368 922 ajouter
1391 888 1421 913 et

71 930 89 962 a
117 931 185 962 l'un
208 931 266 963 des
290 931 378 963 deux
405 930 603 968 correlatifs,
622 941 706 972 pour
733 930 869 961 insistet
900 941 954 960 sur
985 929 1085 961 l’idee
1117 930 1159 960 de
1190 929 1419 968 correlation3

71 980 112 1011 cf.
137 988 185 1018 19,
209 987 246 1020 15
267 991 275 1018 ;
293 981 345 1018 26,
364 981 394 1011 6.
417 981 469 1011 De
493 979 624 1011 meme:
652 987 705 1018 27,
727 988 768 1019 3:
787 984 857 1020 par
878 984 908 1009 et
933 980 969 1009 in
994 980 1074 1010 illis.
1095 979 1146 1010 Cf.
1165 980 1258 1019 Juv.‚
1279 988 1309 1020 3,
1335 989 1418 1020 143:

75 1030 247 1068 Quantum
263 1031 401 1071 quisque
419 1041 480 1060 sua
497 1040 711 1060 nummorum
735 1033 844 1059 servat
861 1029 897 1059 iu
914 1039 1001 1065 arca,
1021 1033 1153 1059 tantum
1171 1029 1263 1059 babel
1280 1036 1311 1060 et
1316 1031 1415 1071 fidei.

71 1078 105 1110 S.
127 1078 245 1118 Cypr.,
264 1079 317 1109 De
338 1084 439 1118 opere,
463 1077 520 1109 18:
548 1078 769 1118 Quantusque
785 1082 856 1107 erat
873 1078 909 1107 in
926 1077 1016 1108 domo
1032 1078 1217 1118 pignorum
1245 1089 1416 1116 numerus,

71 1133 183 1159 tantus
198 1128 341 1158 dabatur
355 1128 409 1158 deo
425 1133 457 1158 et
474 1138 635 1158 numerus
651 1127 835 1156 hostiarum
878 1126 929 1156 De
945 1126 1022 1156 bono
1031 1127 1227 1166 patientiae,
1248 1136 1266 1156 2
1284 1128 1363 1165 (vol.
1388 1137 1415 1165 1,

72 1187 103 1217 p.
124 1177 224 1216 397):
244 1184 309 1207 tarn
332 1177 402 1207 illic
419 1177 586 1217 patientia
601 1176 697 1217 salsa
721 1180 778 1211 ess,
797 1185 896 1215 quam
921 1175 1052 1216 etfizlsa
1069 1176 1233 1216 sapientia
1260 1181 1315 1207 est.
1337 1178 1417 1208 Ter-

71 1226 160 1262 tull.,
183 1226 306 1256 Contra
317 1231 440 1266 guast„
464 1235 475 1256 x
494 1237 502 1256 ε
533 1226 591 1255 'l'ot
614 1235 738 1254 venena
755 1229 832 1264 quot
847 1229 877 1254 et
894 1235 1027 1263 genera,
1047 1229 1092 1255 tot
1108 1226 1274 1265 pernicies
1296 1231 1374 1265 quot
1389 1232 1419 1257 et

69 1275 194 1316 species,
216 1280 262 1305 tot
278 1276 400 1305 dolores
414 1280 492 1315 quet
507 1279 536 1305 cs
551 1275 675 1304 colores.

111 1371 143 1406 4.
161 1371 285 1405 Inde«
303 1383 385 1414 pour
396 1383 433 1403 ee
450 1373 585 1405 motis».
600 1391 641 1395 ——
655 1371 870 1405 Videlicet«
887 1371 1145 1403 naturellement
1159 1380 1176 1405 ›>
1189 1378 1235 1403 est
1254 1373 1416 1414 ironique.

70 1440 110 1444 —
140 1422 288 1462 Ignium
314 1420 536 1462 sepulturas,
556 1420 683 1462 genitis
704 1421 844 1463 objectis
867 1429 961 1462 «par
989 1421 1020 1451 le
1044 1421 1098 1451 feu
1117 1428 1145 1453 )>.
1167 1440 1208 1444 —
1232 1420 1353 1454 Annis
1382 1425 1419 1454 et

69 1470 266 1510 aetatibus,
286 1471 541 1503 redoublement
566 1471 718 1502 oratoire.
739 1473 841 1501 Aetas
864 1470 919 1509 (=
948 1470 1095 1511 tempus)
1112 1481 1154 1500 au
1178 1471 1299 1511 pluriel
1328 1478 1345 1502 <(
1361 1472 1421 1503 des

71 1520 224 1563 periodes
240 1522 282 1552 de
299 1527 408 1561 temps
425 1528 442 1552 ›>
467 1519 523 1561 qui
546 1531 580 1551 se
605 1519 799 1551 succedent.
820 1538 862 1542 -
888 1518 930 1550 In
955 1521 1093 1551 terram
1118 1518 1325 1557 resolvitur,
1346 1531 1421 1552 sens

70 1569 217 1602 re‘fle'chi:
234 1569 258 1600 il
275 1580 310 1601 se
327 1570 456 1600 dissout
473 1576 506 1600 et
522 1580 553 1599 se
579 1569 701 1609 clzauge
716 1580 755 1600 en
785 1575 884 1606 terre,
905 1579 945 1599 en
963 1567 1131 1609 poussiere
1146 1579 1154 1605 ;
1179 1569 1220 1599 de
1245 1568 1276 1600 la
1301 1568 1419 1600 l’accu-

69 1619 151 1651 satis
169 1620 220 1658 (in
244 1629 383 1660 marque
409 1629 546 1659 passage
569 1618 649 1649 d'un
674 1618 743 1649 etat
767 1618 786 1649 a
810 1629 853 1649 un
879 1624 1000 1653 autre;
1025 1617 1065 1648 cf.
1095 1626 1146 1654 22,
1169 1618 1214 1656 7).
1234 1637 1274 1641 —
1300 1617 1419 1659 Quasi

60 1678 183 1701 ¹non...
208 1666 424 1707 resolvatur,
444 1676 514 1699 nec
536 1665 693 1707 intersit,
717 1669 748 1698 la
771 1666 929 1708 negation
954 1678 1019 1697 mm
1044 1665 1159 1707 place'e
1182 1677 1222 1697 au
1248 1678 1419 1698 commen-

69 1724 200 1750 cement
216 1716 340 1748 detruit
357 1718 440 1748 celle
457 1717 514 1757 qui
538 1727 767 1757 accompagne
792 1717 925 1746 intersit
949 1723 1114 1747 «comme
1138 1715 1190 1746 s'il
1215 1715 1333 1748 n’etait
1358 1727 1420 1758 pas

70 1767 139 1798 vrai
155 1766 236 1808 qu'il
253 1765 309 1807 n’y
329 1776 349 1796 a
373 1776 432 1805 pas
455 1766 497 1797 de
520 1764 712 1803 difference,
731 1776 861 1796 comme
877 1764 929 1796 s’il
954 1776 973 1805 y
989 1765 1077 1796 avait
1101 1775 1166 1795 une
1190 1765 1369 1797 difference
1386 1775 1415 1799 )>.

71 1817 119 1847 Μ.
131 1817 168 1847 F.
188 1815 337 1857 s'inspire
353 1815 394 1846 de
412 1813 576 1856 Seneque‚
591 1815 647 1856 qui
666 1815 757 1856 parle
775 1815 817 1845 de
837 1813 957 1845 meme.
978 1815 1029 1845 De
1045 1815 1160 1845 remed.
1170 1815 1272 1855 J‘brt„
1290 1822 1319 1855 5,
1344 1824 1395 1846 1=2
1413 1829 1419 1846 :

71 1866 114 1896 Sz'
127 1866 218 1896 nihil
232 1865 347 1901 sentio,
366 1876 431 1895 mm
441 1865 588 1905 pertinet
603 1865 649 1895 ad
663 1875 711 1895 me
725 1866 857 1902 jactura
873 1864 1013 1904 emporis
1039 1864 1198 1904 insepulti
1210 1874 1221 1897 ,·
1245 1865 1277 1893 si
1303 1865 1417 1901 sentio,

55 1916 180 1946 omnis
202 1915 373 1954 sepultura
395 1919 594 1944 tormentum
619 1919 674 1944 est.
697 1914 758 1954 Ep.
787 1922 842 1951 92,
871 1921 978 1952 34
1007 1914 1096 1953 ignis
1120 1914 1209 1943 illud
1225 1919 1356 1950 ararat,
1376 1925 1420 1944 au

72 1967 162 1993 terra
184 1967 337 2003 contegat,
371 1973 416 1993 an
430 1963 527 2004 ferae
554 1963 746 1993 distrahant
777 1968 842 1993 etc.
871 1981 913 1984 —
943 1960 1079 2001 Poena,
1108 1961 1150 1992 ici
1175 1972 1358 2002 synonyme
1379 1963 1421 1993 de

72 2012 249 2048 cruciatus,
269 2012 405 2042 malum.
423 2030 464 2034 -—
485 2010 612 2052 Ipsa...
633 2009 835 2048 celeritate,
856 2016 947 2041 toute
964 2009 1134 2051 sepulture
1150 2018 1199 2041 est
1223 2022 1265 2041 un
1283 2011 1422 2042 bienfait

72 2060 279 2100 (medicina)
296 2072 378 2103 pour
394 2062 443 2092 les
459 2061 619 2093 cadavres
638 2068 654 2092 «
673 2072 732 2102 par
750 2062 781 2092 la
798 2059 940 2101 rapidite
958 2059 1067 2091 meme
1083 2071 1164 2092 avec
1187 2061 1334 2101 laquelle
1358 2062 1422 2092 elle

73 2110 120 2142 les
136 2117 343 2147 consume»,
361 2109 567 2141 c'est-a-dire
583 2120 648 2151 que
672 2116 764 2141 toute
787 2108 960 2151 sepulture
983 2116 1032 2140 est
1056 2109 1206 2140 d’autant
1231 2110 1306 2151 plus
1329 2110 1420 2141 bien-

72 2159 216 2191 faisante
234 2169 318 2200 pour
335 2170 398 2190 eux
408 2159 532 2200 qu'elle
549 2160 596 2190 les
609 2169 768 2190 consume
780 2159 854 2200 plus
867 2158 946 2190 vite.
969 2159 1015 2190 Le
1027 2159 1112 2200 sujet
1129 2158 1189 2190 des
1205 2159 1291 2189 deux
1303 2160 1421 2191 verbes

73 2213 123 2240 est
139 2209 248 2239 omnis
262 2209 443 2250 sepultura,
464 2207 560 2249 place
576 2219 618 2239 en
635 2216 751 2239 avant.

115 2304 146 2340 5.
177 2305 383 2348 Perpetem,
419 2306 461 2337 de
485 2311 611 2348 perpes,
645 2317 727 2347 pour
752 2312 942 2348 perpetuus,
975 2312 1024 2337 est
1056 2306 1236 2347 archa'l'que
1268 2313 1301 2336 et
1332 2312 1420 2348 post-

73 2354 246 2396 classique.
268 2374 310 2378 —
329 2354 383 2388 Ut
398 2353 516 2387 bonis.
542 2356 587 2388 Ut
601 2366 738 2397 marque
755 2356 787 2386 la
803 2366 902 2387 cause
919 2355 1101 2396 subjective
1121 2362 1137 2386 «
1151 2355 1233 2387 dans
1250 2356 1282 2386 la
1298 2353 1422 2397 pensee

143 2431 299 2458 Minucius.
1337 2433 1353 2457 6
