1619 2596
175 53 268 96 160
639 62 1030 93 COMMENTAIRE.

170 177 276 216 Epist.
304 176 326 205 l
346 175 392 204 ad
410 174 564 211 Timollt„
590 183 615 209 1,
636 173 666 208 6.
692 172 752 204 16:
779 173 845 214 Qui
873 174 964 204 solus
986 173 1087 205 habet
1102 173 1389 206 immortalitatem
1407 175 1506 213 (Oct.,

173 225 222 260 18,
240 226 284 263 7),
304 230 334 254 et
354 224 460 254 lucem
477 222 642 253 inhabitat
661 222 922 253 inaccessibilem
938 234 945 258 ;
970 233 1069 263 quem
1087 223 1203 253 nullus
1219 223 1392 254 hominum
1410 225 1506 261 vidit.

167 275 224 305 secl
236 284 291 303 nez·
305 273 413 303 videre
424 277 527 312 polest
541 282 551 304 :
566 271 618 302 cui
632 271 740 302 honor
756 277 789 302 et
807 270 981 312 imperium
999 271 1248 312 sempiternum.
1262 273 1324 313 Ep.
1339 272 1386 303 ad
1398 273 1507 310 Rom„

170 331 198 359 1,
218 330 313 352 20-21
330 333 338 352 :
360 321 543 352 Invisibilia
569 320 657 351 enim
685 319 800 361 ipsius,
819 331 839 351 a
863 326 1015 351 creatura
1042 321 1168 356 mundi,
1196 331 1252 362 per
1269 332 1308 352 ea
1323 331 1409 362 quae
1425 321 1511 353 sacta

168 378 253 408 sunt,
275 371 453 408 intellecta,
473 369 723 411 conspiciuntur
737 380 745 405 ;
770 369 971 410 sempiterna
986 379 1119 410 quoque
1135 369 1206 410 ejus
1222 370 1325 401 virtus
1341 377 1373 402 et
1389 370 1509 401 divini-

169 427 218 451 tas
236 430 242 450 :
260 420 305 450 ita
323 424 360 449 ul
375 420 445 449 sint
461 418 709 456 inexcusabiles,
735 418 829 458 quia,
858 429 931 448 sum
957 419 1177 457 cognovissent
1193 419 1318 455 Deum,
1337 430 1402 450 non
1426 421 1511 451 sicul

170 470 280 499 Deum
302 468 582 509 Κςνίοιἰνγῖιϊιίνθνιτιηι’,
612 471 672 497 aut
691 468 823 507 gratias
845 472 982 507 egerunt
1010 465 1108 504 (Oct.‚
1137 475 1188 508 35,
1215 469 1260 506 4).
1281 468 1331 500 Cf.
1353 469 1508 507 Tertull.‚

172 519 282 558 Apol„
307 524 356 555 17.

212 616 243 650 5.
272 615 351 648 Nec
368 614 519 648 mireris.
541 617 623 657 Voy.
649 615 697 654 18,
719 625 758 655 9:
778 627 834 647 nec
848 627 998 657 quaeras.
1030 635 1069 639 —
1098 614 1141 649 Si
1167 615 1286 648 Deum
1302 625 1374 648 non
1391 614 1506 656 vides,

169 677 243 707 voy.
269 666 316 703 16,
335 676 367 704 4.
387 684 427 688 ——
443 664 567 697 Vento
583 666 619 696 et
635 663 793 697 flatibus.
818 666 1019 705 Hendiadys
1036 666 1113 697 «les
1130 673 1227 696 vents
1242 665 1299 707 qui
1315 665 1467 697 soufflent
1479 674 1512 702 »;

169 715 209 747 cf.
243 724 270 753 1,
304 723 329 745 1.
360 716 478 745 Flatus
505 720 555 745 est
581 713 749 755 poetique.
779 732 817 736 —
851 713 930 747 Sub
956 713 1111 746 oculis...
1141 723 1213 746 non
1237 713 1351 752 venit,
1380 714 1508 754 ablatis,

170 763 297 806 malgre
327 764 357 794 le
383 769 597 794 mouvement
622 768 654 794 et
680 764 710 794 le
735 763 957 805 changement
973 764 1014 794 de
1031 763 1121 801 lieu;
1144 763 1227 794 mais
1244 775 1286 794 on
1303 765 1458 805 envisage
1482 765 1512 795 le

170 820 273 845 terme
290 813 335 844 du
351 818 564 844 mouvement
583 810 662 851 (sub
679 813 781 843 oculis
795 815 891 853 esse).
916 813 1024 849 Lact.,
1054 813 1139 843 lnst.
1167 813 1251 849 ditm,
1271 820 1301 851 7,
1321 821 1341 852 9
1357 825 1363 843 :
1387 813 1509 850 Deum,

174 864 248 893 licet
262 863 320 893 sub
336 863 437 893 oculis
453 872 518 892 mm
534 862 672 898 venirel,
691 862 728 892 de
742 872 804 892 sua
820 867 929 892 tamen
947 863 985 892 vi
999 861 1053 899 (ici
1071 863 1241 898 z'z'rlulem,
1261 863 1277 899 ξ
1294 862 1338 900 4),
1358 867 1388 892 et
1402 861 1513 903 ffclu

171 916 202 942 el
216 912 364 948 operibus
379 921 590 941 cerneremus.
612 928 654 932 —
673 909 716 941 In
732 909 848 942 solem
864 909 972 947 adeo,
998 910 1174 951 gradation
1188 923 1197 949 ;
1222 910 1262 942 cs.
1296 918 1326 951 5,
1345 919 1366 950 9
1383 916 1415 942 et
1428 911 1460 948 6,
1483 920 1510 942 1.

180 961 293 991 Videre
320 959 502 1001 «regarder
531 961 585 996 (en
613 958 698 997 face)
713 967 742 991 ».
771 977 812 982 —
838 960 959 990 leadils
976 958 1093 1001 (ejus)
1109 961 1193 990 acies
1209 958 1432 1000 (oculorum),
1455 961 1513 992 «le

171 1009 330 1050 regard».
353 1027 390 1031 —
410 1009 559 1040 obtutus.
581 1007 723 1040 Ciceron
739 1008 807 1039 dit:
834 1009 964 1039 obtutus
988 1009 1154 1039 mulorum
1182 1009 1320 1040 «action
1345 1009 1386 1040 de
1405 1020 1512 1050 regar-

170 1059 242 1097 der,
270 1069 332 1089 vue
349 1066 377 1091 )>.
410 1077 451 1080 -
488 1057 584 1087 Visus
611 1057 750 1089 «action
776 1057 818 1088 de
847 1058 917 1089 voir
935 1069 962 1089 ›>.
992 1076 1034 1079 —
1057 1058 1100 1088 Se*
1125 1059 1283 1098 inspicias
1309 1065 1325 1089 ((
1343 1058 1370 1088 si
1386 1057 1454 1089 l’on
1472 1066 1512 1095 »;

172 1108 213 1141 cf.
234 1116 286 1144 22,
306 1107 336 1138 8.

216 1204 252 1238 6.
281 1202 401 1245 Quid?
418 1212 433 1235 a
453 1203 504 1234 Eh
520 1204 598 1245 quoi
609 1205 622 1234 Ρ
633 1211 650 1234 >>
669 1203 827 1234 introduit
844 1204 875 1234 la
891 1203 1034 1235 seconde
1052 1203 1155 1245 partie
1172 1203 1250 1234 d‘un
1267 1204 1515 1235 raisonnement

172 1265 193 1284 a
208 1254 362 1295 fortiori,
382 1253 421 1284 cs.
443 1252 474 1290 8,
495 1261 524 1293 3.
546 1271 587 1275 —
606 1250 839 1293 Fulgoribus‚
859 1252 982 1284 l’eclair
1009 1253 1064 1294 qui
1092 1252 1213 1289 brille;
1235 1251 1454 1291 fulminibus,
1485 1254 1516 1284 la

173 1303 289 1334 foudre
312 1302 370 1344 qui
386 1302 514 1343 frappe.
534 1321 574 1324 —
592 1301 738 1333 Tenere
755 1309 772 1332 ((
786 1301 878 1333 saisir
890 1310 907 1333 )>
918 1302 1128 1342 prehendere.
1149 1302 1240 1333 Tous
1256 1313 1310 1333 ces
1326 1308 1516 1343 arguments

172 1358 248 1383 sont
264 1351 403 1392 exposes
419 1351 502 1382 dans
519 1350 721 1391 xenophon,
741 1351 858 1388 Δίωνι,
877 1361 909 1389 4,
930 1360 959 1391 3,
983 1359 1091 1390 13-14,
1111 1357 1143 1382 et
1160 1350 1300 1383 Ciceron
1323 1363 1342 1382 a
1365 1352 1470 1392 repris
1485 1352 1516 1382 le

171 1401 304 1432 dernier
319 1413 325 1431 ι
336 1401 480 1441 proinde
500 1401 600 1440 quasi
619 1404 764 1430 nostram
786 1401 891 1440 ipsam
921 1404 1070 1438 mentem,
1093 1411 1160 1440 qua
1183 1401 1341 1441 sapimus,
1357 1411 1425 1441 qua
1438 1406 1514 1441 pro-

172 1451 331 1487 videmus,
350 1460 417 1489 qua
441 1449 519 1480 llaec
543 1450 613 1479 ibsa
635 1450 768 1488 agimus
790 1453 821 1479 et
840 1449 993 1486 dicimus,
1012 1449 1121 1479 videre
1136 1454 1196 1479 aul
1213 1450 1316 1490 plane
1330 1450 1442 1490 qualis
1457 1454 1517 1480 aut

173 1499 290 1530 ubisit
311 1499 432 1528 sentire
454 1499 622 1538 possimus
645 1496 729 1536 (Pro
753 1498 850 1536 Mil„
878 1497 943 1536 84).
965 1516 1006 1520 —
1023 1495 1251 1538 carnalibus,
1281 1509 1354 1539 voy.
1385 1497 1434 1535 18,
1465 1507 1512 1530 10.

175 1566 212 1570 —-
236 1546 321 1588 Qua
342 1544 548 1586 vivificaris,
568 1551 637 1577 mot
659 1556 820 1577 nouveau.

215 1644 250 1679 7.
271 1662 312 1666 —
337 1645 386 1678 Cf.
408 1646 516 1687 Chap.
537 1647 580 1683 X,
601 1654 630 1685 5.
651 1664 692 1667 —
717 1642 795 1676 Sed
812 1642 907 1676 enim
930 1658 959 1670 =
982 1646 1121 1675 atenim
1137 1655 1178 1675 au
1195 1646 1211 1683 ἓ
1227 1655 1248 1684 4
1264 1657 1272 1682 ;
1289 1645 1330 1677 cf.
1353 1653 1404 1686 25,
1427 1654 1454 1677 1.
1482 1664 1517 1669 —-

173 1693 466 1732 Constitutus(:
490 1688 551 1731 ὤν,
571 1696 611 1726 el.
637 1701 684 1732 17,
708 1694 760 1731 11)
776 1700 792 1724 «
810 1692 955 1725 residant
971 1704 1012 1724 au
1029 1694 1103 1732 ciel,
1117 1694 1161 1725 du
1178 1694 1241 1725 ciel
1258 1693 1300 1725 οὺ
1320 1694 1341 1725 il
1360 1693 1468 1726 re'side
1480 1702 1512 1727 »-

173 1742 314 1776 Omnes
338 1743 452 1777 obire.
472 1743 612 1775 Ciee'ron
638 1743 782 1784 emploie
797 1743 883 1773 obire
899 1742 983 1773 dans
999 1743 1030 1773 le
1047 1754 1123 1774 sens
1138 1743 1179 1774 de
1197 1751 1214 1775 ((
1233 1743 1358 1781 visitet,
1378 1754 1514 1785 parcou-

175 1793 216 1824 rir
235 1801 251 1824 »
273 1805 280 1823 :
302 1793 370 1823 Cui
384 1798 533 1823 nostrum
551 1793 758 1833 lz'celszcndos
773 1796 898 1822 nostros
911 1792 998 1822 obire
1015 1792 1080 1829 (De
1095 1796 1194 1829 orat„
1213 1800 1239 1831 1,
1260 1794 1335 1832 249)
1353 1803 1360 1829 ;
1377 1793 1518 1823 colonzas

173 1843 259 1873 obire
287 1842 357 1879 (Aa
377 1843 465 1878 An„
491 1842 538 1879 16,
567 1841 598 1879 8,
623 1842 675 1879 1);
700 1841 800 1871 villas
823 1841 909 1871 obire
937 1841 1010 1878 (Ad
1021 1843 1128 1881 sam„
1159 1848 1188 1878 7,
1212 1849 1238 1878 1,
1258 1840 1302 1879 6).
1335 1859 1377 1863 ——
1407 1839 1517 1873 Unde

175 1899 193 1923 <<
211 1889 287 1921 d⁷oi1
305 1898 323 1922 )>
347 1904 375 1916 =
398 1890 439 1921 de
455 1891 534 1931 quel
549 1891 682 1921 homme
699 1897 732 1920 et
748 1889 789 1920 de
805 1890 916 1930 quelle
934 1889 1060 1920 chose?
1079 1907 1117 1910 —
1144 1887 1255 1922 Orbis
1276 1887 1511 1930 provinciam,

174 1938 294 1981 ge'nitif
306 1939 476 1980 explicatis
495 1951 502 1970 :
520 1940 551 1970 la
567 1944 656 1970 terre
673 1938 755 1970 n’est
773 1938 895 1979 qu'une
913 1946 930 1969 «
949 1938 1108 1979 province
1126 1946 1143 1970 »
1161 1949 1244 1980 pour
1260 1938 1348 1970 Dieu
1364 1938 1421 1980 qui
1437 1949 1516 1980 gou-

175 1999 274 2020 verne
290 1988 456 2020 l’univers.
477 2007 518 2011 —
548 1987 627 2020 Deo
653 1987 759 2029 plena
782 1985 867 2019 sint.
888 1987 995 2028 Virg.,
1014 1988 1144 2028 Eglog„
1165 1988 1258 2027 3‚*60
1277 1988 1392 2029 :savis
1406 1989 1519 2019 omnia

175 2039 280 2069 Mena.
301 2056 342 2060 —
361 2036 508 2069 Infusus
535 2038 604 2068 est.
637 2036 688 2068 Cf.
719 2035 883 2078 Seneque,
904 2037 984 2077 Ep„
1003 2045 1057 2074 41,
1081 2045 1093 2066 1
1113 2048 1119 2067 :
1147 2037 1249 2072 Prope
1273 2041 1320 2067 est
1341 2048 1362 2067 a
1383 2041 1414 2067 te
1428 2037 1516 2075 deus,

176 2092 279 2118 lecum
295 2091 352 2124 est,
372 2088 465 2117 inlus
481 2091 536 2117 est.
559 2087 612 2117 Fr.
637 2094 696 2126 123
717 2098 724 2116 ε
742 2087 878 2117 deum...
898 2086 1042 2116 amicum
1065 2090 1097 2116 et
1119 2091 1244 2126 semper
1259 2086 1294 2116 in
1305 2086 1469 2127 proximo.

220 2188 251 2222 8.
271 2187 388 2228 Adeo,
408 2189 449 2220 cf.
469 2190 486 2226 ἓ
504 2197 532 2228 5.
554 2207 595 2210 -
624 2189 770 2225 Intende,
798 2198 842 2219 sc.
863 2189 966 2218 oculos
979 2199 993 2225 ;
1020 2187 1059 2219 cf.
1080 2197 1113 2226 4,
1136 2197 1162 2219 1.
1182 2206 1224 2210 —
1253 2188 1348 2219 Caelo
1371 2188 1513 2230 adfixus,

178 2237 265 2269 datif
276 2237 470 2279 dependant
495 2237 573 2268 d'un
599 2238 698 2268 verbe
727 2236 885 2278 compose
912 2237 954 2268 de
980 2237 1031 2267 ad.
1052 2254 1095 2258 —-
1116 2238 1230 2268 Terris
1254 2237 1416 2274 omnibus,
1437 2247 1519 2277 pour

179 2288 215 2318 in
241 2288 339 2317 terris
362 2287 524 2323 omnibus,
554 2291 603 2317 est
631 2285 810 2327 poe‘tique3
836 2286 875 2318 cf.
901 2285 949 2324 18,
968 2296 999 2324 4.
1028 2304 1070 2309 -—-
1096 2283 1296 2324 Claritudo,
1326 2285 1504 2327 archaique

181 2346 263 2378 pour
279 2337 414 2367 claritas
431 2336 497 2374 (16,
519 2343 536 2376 5
554 2347 562 2371 ;
584 2343 633 2374 17,
654 2344 695 2372 2;
717 2335 765 2373 18,
789 2336 853 2374 10).
