1619 2596
609 67 894 99 CHAPITRES
933 68 1052 98 V-VI.
1487 62 1512 108 5

166 178 265 217 verit
294 179 474 228 pondere
495 185 534 216 et
565 191 671 216 mare
702 178 793 215 licet
826 177 1022 216 influxerit
1052 191 1073 215 e
1094 177 1260 226 liquore,
1285 176 1394 213 unde
1416 176 1517 212 haec

165 243 313 293 religio,
336 243 444 281 unde
478 243 660 290 formido,
684 256 786 292 quae
817 242 1045 292 superstitio
1080 250 1139 279 est
1159 243 1176 278 ?
1213 241 1271 290 (8)
1305 242 1445 277 Homo
1478 246 1517 277 et

163 309 312 347 animal
333 322 453 347 omne
474 309 583 357 quod
615 311 801 355 nascitur,
823 308 1047 358 inspiratur,
1070 306 1275 352 attollitur,
1299 307 1514 343 elemento-

165 387 250 412 rum
272 381 315 412 ut
349 373 570 411 voluntaria
590 373 794 411 concretio
823 382 893 419 est,
917 373 957 410 in
992 386 1095 422 quae
1130 384 1283 410 rursum
1321 372 1444 408 homo
1477 377 1517 408 et

163 439 309 477 animal
339 452 460 476 omne
489 437 688 485 dividitur,
721 438 898 484 solvitur,
931 437 1172 487 dissipatur:
1204 436 1257 474 ita
1292 436 1330 473 in
1362 436 1516 473 fontem

163 505 335 542 refluunt
356 512 394 541 et
417 504 455 540 in
486 510 611 541 semet
641 503 776 541 omnia
805 505 1073 547 revolvuntur,
1112 503 1224 540 nullo
1260 501 1410 539 artifice
1440 513 1516 537 nec

163 569 298 618 judice
329 581 405 607 nec
438 576 610 606 auctore.
636 568 694 619 (9)
734 569 800 607 Sic
832 568 1081 618 congregatis
1112 567 1262 617 ignium
1297 566 1518 605 seminibus

163 636 268 672 soles
286 634 386 672 alios
406 641 526 683 atque
546 633 645 672 alios
662 647 817 683 semper
833 635 1055 683 splendere,
1080 633 1138 671 sic
1160 632 1356 670 exhalatis
1386 640 1513 670 terrae

163 699 377 748 vaporibus
425 699 592 736 nebulas
640 712 796 748 semper
844 699 1086 744 adolescere,
1135 697 1282 747 quibus
1340 695 1518 735 densatis

165 762 399 813 coactisque
433 764 560 801 nubes
592 763 709 801 altius
744 777 913 814 surgere,
938 764 1064 802 isdem
1101 763 1332 800 labentibus
1365 761 1518 812 pluvias

165 831 298 876 fluere,
321 830 413 866 flare
435 836 586 875 ventos,
617 829 829 878 grandines
850 829 1066 879 increpare,
1087 830 1147 867 vel
1170 827 1316 865 nimbis
1338 826 1515 865 coliden-

164 893 272 932 tibus
293 893 466 932 tonitura
486 893 647 944 mugire,
672 895 829 932 rutilare
861 895 1022 944 fulgora,
1049 893 1216 932 fulmina
1246 892 1515 942 praemicare:

163 960 268 997 adeo
298 958 445 1008 passim
477 959 637 1000 cadunt,
664 968 820 996 montes
855 959 1029 1003 inruunt,
1052 958 1259 996 arboribus
1292 957 1509 1001 incurrunt,

167 1023 253 1061 sine
272 1024 420 1062 dilectu
442 1031 610 1074 tangunt
631 1025 718 1062 loca
753 1037 862 1062 sacra
883 1031 921 1062 et
951 1025 1130 1074 profana,
1152 1023 1338 1061 homines
1369 1021 1511 1060 noxios

167 1089 312 1127 feriunt
347 1096 385 1127 et
419 1102 537 1139 saepe
571 1088 786 1139 religiosos.
811 1090 898 1139 (ιο)
932 1089 1043 1137 Quid
1078 1096 1338 1138 tempestates
1373 1089 1514 1136 loquar

168 1154 294 1192 varias
315 1162 353 1192 et
376 1154 558 1200 incertas,
582 1154 728 1204 quibus
756 1156 867 1192 nullo
901 1155 1042 1192 ordine
1073 1155 1135 1192 vel
1165 1153 1348 1191 examine
1383 1165 1512 1190 rerum

164 1219 345 1256 omnium
367 1219 539 1269 impetus
572 1221 800 1258 volutatur?
832 1221 871 1257 in
907 1219 1119 1269 naufragiis
1154 1219 1355 1257 bonorum
1388 1218 1509 1255 malo-

162 1297 333 1334 rumque
363 1285 442 1322 fata
464 1285 593 1331 mixta,
619 1285 757 1323 merita
787 1286 978 1323 confusa?
1012 1285 1052 1322 in
1073 1284 1273 1323 incendiis
1306 1283 1510 1321 interitum

162 1349 376 1388 convenire
397 1349 620 1388 insontium
641 1358 941 1400 nocentumque
962 1352 978 1387 ?
1004 1357 1042 1388 et
1077 1362 1169 1388 cum
1200 1349 1295 1388 tabe
1324 1348 1512 1398 pestifera

163 1414 263 1452 caeli
290 1421 438 1452 tractus
467 1414 654 1460 inficitur,
679 1415 766 1453 sine
800 1414 1028 1452 discrimine
1057 1426 1200 1452 omnes
1233 1412 1443 1463 deperire?
1474 1419 1513 1449 et

160 1492 252 1516 cum
294 1479 386 1517 belli
430 1480 572 1518 ardore
620 1480 802 1527 saevitur,
846 1480 1029 1517 meliores
1069 1479 1205 1530 potius
1245 1478 1516 1516 occumbere?

160 1543 196 1593 (1
214 1545 248 1594 ι)
265 1545 312 1582 In
332 1557 431 1595 pace
451 1545 571 1583 etiam
593 1559 674 1583 non
697 1553 852 1583 tantum
866 1554 1059 1595 aequatur
1073 1544 1253 1594 nequitia
1268 1543 1512 1588 melioribus,

159 1611 231 1649 sed
247 1617 288 1648 et
307 1609 460 1657 colitur,
484 1617 526 1648 ut
547 1610 585 1648 in
608 1611 788 1660 pluribus
810 1611 974 1657 nescias,
998 1619 1131 1648 utrum
1153 1609 1203 1647 sit
1225 1622 1363 1648 eorum
1387 1609 1514 1647 detes-

159 1675 283 1713 tanda
301 1675 474 1725 pravitas
503 1689 552 1713 an
584 1678 760 1726 optanda
789 1677 964 1715 felicitas.
989 1676 1078 1726 (12)
1111 1676 1234 1724 Quod
1270 1675 1302 1713 si
1337 1675 1515 1713 mundus

159 1739 295 1777 divina
314 1739 565 1789 providentia
585 1751 622 1780 et
645 1741 814 1790 alicujus
832 1741 1007 1779 numinis
1031 1740 1269 1779 auctoritate
1299 1747 1510 1789 regeretur,

159 1817 379 1854 numquam
394 1813 607 1844 mereretur
615 1807 792 1844 Phalaris
806 1815 844 1844 et
864 1806 1079 1856 Dionysius
1096 1818 1276 1856 regnum,
1290 1817 1514 1853 numquam

158 1869 334 1907 Rutilius
354 1877 392 1908 et
413 1870 606 1922 Camillus
639 1871 812 1918 exilium,
836 1884 1057 1921 numquam
1092 1872 1275 1910 Socrates
1296 1883 1510 1908 venenum.

159 1932 247 1983 (13)
287 1935 393 1973 Ecce
431 1936 594 1974 arbusta
631 1937 827 1986 frugifera,
869 1950 963 1975 ecce
1001 1938 1084 1986 jam
1124 1949 1237 1986 seges
1277 1948 1390 1981 cana,
1429 1936 1513 1984 jam

156 2000 376 2037 temulenta
409 2000 611 2039 vindemia
643 2002 759 2039 imbri
792 2002 1066 2052 corrumpitur,
1090 2000 1285 2051 grandine
1318 1999 1511 2038 caeditur.

158 2065 277 2102 Adeo
315 2073 381 2103 aut
421 2067 569 2105 incerta
607 2068 725 2105 nobis
761 2068 902 2105 veritas
943 2068 1167 2105 occultatur
1215 2075 1254 2104 et
1305 2065 1510 2116 premitur,

157 2138 237 2175 aut,
260 2130 370 2179 quod
400 2130 522 2180 magis
555 2133 801 2170 credendum
835 2141 904 2178 est,
929 2131 1042 2169 variis
1083 2140 1120 2170 et
1154 2130 1317 2169 lubricis
1348 2129 1509 2168 casibus

158 2194 289 2231 soluta
309 2194 463 2243 legibus
486 2197 642 2234 fortuna
664 2197 908 2235 dominatur.

211 2260 282 2297 VI.
306 2260 411 2299 Cum
432 2260 547 2311 igitur
580 2270 647 2300 aut
669 2264 825 2301 fortuna
846 2272 955 2300 certa
983 2269 1051 2300 aut
1083 2262 1233 2300 incerta
1264 2269 1408 2299 natura
1445 2260 1507 2307 sit,

155 2331 308 2372 quanto
336 2325 603 2365 venerabilius
623 2340 670 2365 ac
692 2328 834 2366 melius
861 2327 1077 2366 antistitem
1106 2327 1283 2366 veritatis
1305 2328 1503 2376 majorum
