1619 2596
533 71 812 103 CHAPITRES
851 73 1124 105 XVII-XVIII.
1348 60 1351 61 ⁷
1442 73 1496 120 17

159 186 219 216 est
231 178 339 217 vide:
356 191 476 228 quam
492 192 513 217 e
527 185 652 217 terrae
663 179 881 217 visceribus
899 180 1115 228 animatur3
1131 181 1264 231 aspice
1280 194 1500 220 oceanum:

158 243 287 282 refluit
306 243 516 294 reciprocis
536 245 734 292 aestibus3
755 245 845 283 vide
866 246 1015 283 fontes:
1048 255 1209 284 manant
1230 247 1338 284 venis
1360 259 1496 296 peren-

158 307 277 346 nibus
295 323 304 356 3
325 308 464 347 fluvios
485 309 638 348 intuere
663 325 670 347 :
692 317 787 348 eunt
808 323 964 359 semper
985 310 1164 349 exercitis
1185 311 1372 361 lapsibus

211 373 297 423 (10)
320 374 429 422 Quid
459 375 598 425 loquar
619 382 709 424 apte
739 374 933 424 disposita
963 384 1069 413 recta
1090 376 1298 423 montium,
1331 369 1496 415 collium

155 439 266 486 flexa,
288 447 469 489 porrecta
498 440 766 489 camporum?
795 441 943 489 quidve
973 440 1237 479 animantium
1260 443 1401 492 loquar
1429 444 1496 480 ad-

156 517 290 542 versus
320 518 406 543 sese
434 507 597 543 tutelam
630 505 943 543 multiformem?
972 506 1067 544 alias
1096 514 1265 545 armatas
1295 506 1496 551 cornibus,

155 569 250 607 alias
266 570 454 608 dentibus
475 578 631 620 saeptas
652 578 690 608 et
712 571 896 609 fundatas
918 571 1074 620 ungulis
1096 580 1132 608 et
1155 572 1324 621 spicatas
1346 571 1496 609 aculeis

154 642 221 672 aut
242 636 392 684 pedum
413 635 614 673 celeritate
635 635 778 674 liberas
795 644 863 673 aut
885 636 1057 675 elatione
1078 636 1288 687 pinnarum
1306 639 1321 674 ?

211 700 298 749 (11)
330 701 425 750 Ipsa
453 701 665 750 praecipue
696 702 844 739 formae
874 709 1032 740 nostrae
1067 701 1324 751 pulchritudo
1362 703 1493 740 Deum

157 767 300 804 fatetur
329 765 518 803 artificem
543 781 550 803 ε
581 772 705 803 status
743 765 902 815 rigidus,
943 769 1072 804 vultus
1113 775 1279 814 erectus,
1312 767 1417 805 oculi
1458 767 1498 804 in

157 843 315 869 summo
344 832 451 869 velut
481 831 520 868 in
551 832 715 881 specula
737 831 944 869 constituti
975 841 1013 869 et
1043 844 1182 871 omnes
1212 833 1332 871 ceteri
1362 846 1499 871 sensus

154 897 264 934 velut
285 895 324 933 in
344 909 433 935 arce
454 895 680 945 compositi.

210 962 371 999 XVIII.
414 963 598 1011 Longum
638 969 696 999 est
727 961 782 999 ire
812 975 881 1011 per
920 961 1085 1011 singula.
1119 962 1229 1000 Nihil
1265 962 1303 999 in
1340 961 1502 1000 homine

156 1026 425 1065 membrorum
442 1034 512 1073 est,
535 1027 645 1075 quod
666 1039 747 1064 non
778 1034 816 1064 et
839 1020 1087 1065 necessitatis
1110 1040 1230 1065 causa
1251 1027 1298 1065 sit
1319 1035 1358 1065 et
1386 1027 1502 1065 deco-

156 1093 218 1139 ris,
241 1099 291 1139 et,
312 1092 422 1142 quod
452 1091 577 1140 magis
610 1092 751 1129 mirum
780 1099 851 1137 est,
875 1093 1017 1130 eadem
1050 1092 1172 1141 figura
1209 1092 1406 1138 omnibus¹
1431 1093 1501 1131 sed

155 1158 353 1207 quaedam
372 1156 589 1206 unicuique
607 1156 839 1195 liniamenta
855 1158 1006 1196 deflexa
1026 1172 1032 1195 :
1057 1156 1112 1195 sic
1131 1164 1169 1195 et
1187 1156 1334 1195 similes
1351 1156 1503 1196 univer-

157 1221 190 1260 si
209 1222 393 1261 videmur
413 1229 451 1260 et
472 1221 573 1260 inter
594 1235 635 1260 se
657 1221 802 1271 singuli
823 1222 1036 1260 dissimiles
1057 1221 1292 1260 invenimur.

207 1286 270 1337 (2)
292 1286 404 1335 Quid
424 1287 616 1325 nascendi
638 1287 767 1325 ratio?
799 1287 927 1336 quid?
957 1287 1106 1337 cupido
1127 1287 1345 1336 generandi
1367 1301 1502 1326 nonne

162 1367 185 1391 a
206 1354 295 1391 Deo
310 1353 404 1390 data
425 1360 495 1398 est,
520 1360 557 1391 et
579 1360 621 1390 ut
642 1353 764 1391 ubera
785 1361 900 1403 partu
923 1361 1213 1391 maturescente
1235 1355 1453 1392 lactescant
1467 1363 1505 1392 et

154 1425 196 1457 ut
215 1425 326 1457 tener
346 1418 450 1456 fetus
471 1418 652 1456 ubertate
673 1419 788 1457 lactei
810 1419 906 1457 roris
928 1420 1131 1456 adolescat
1152 1420 1167 1455 ?

204 1483 265 1535 (3)
296 1485 383 1523 Nec
418 1484 665 1522 universitati
699 1485 962 1522 solummodo
1000 1486 1120 1529 Deus,
1146 1486 1216 1523 sed
1251 1493 1289 1523 et
1324 1485 1503 1535 partibus

152 1549 336 1589 consulit.
361 1549 566 1588 Britannia
596 1551 678 1587 sole
715 1550 911 1595 deficitur,
937 1551 1007 1588 sed
1042 1549 1353 1588 circumfluentis
1386 1550 1503 1588 maris

152 1621 290 1664 tepore
309 1621 509 1652 recreatur
528 1630 534 1652 :
557 1614 729 1664 Aegypti
751 1614 971 1652 siccitatem
994 1622 1213 1664 temperare
1235 1614 1352 1652 Nilus
1373 1614 1502 1652 amnis

154 1681 268 1727 solet,
284 1681 510 1730 Euphrates
532 1681 876 1730 Mesopotamiam
896 1693 966 1730 pro
988 1679 1181 1718 imbribus
1203 1687 1356 1730 pensat,
1376 1681 1504 1718 Indus

162 1747 309 1785 flumen
330 1754 369 1784 et
390 1760 520 1785 serere
541 1747 737 1785 orientem
759 1746 904 1785 dicitur
925 1755 962 1785 et
979 1746 1113 1797 rigare.

207 1811 270 1861 (4)
300 1812 425 1860 Quod
461 1812 504 1859 si,
537 1812 738 1862 ingressus
767 1811 942 1861 aliquam
964 1813 1141 1858 domum,
1166 1811 1302 1850 omnia
1334 1814 1502 1861 exculta,

155 1876 365 1926 disposita,
384 1885 526 1915 ornata
546 1876 724 1923 vidisses,
746 1877 883 1926 utique
905 1890 1088 1927 praeesse
1110 1877 1142 1914 ei
1165 1878 1347 1915 crederes
1378 1877 1504 1915 domi-

155 1955 249 1980 num
271 1949 310 1980 et
330 1941 406 1980 illis
437 1942 554 1980 bonis
577 1942 693 1980 rebus
732 1944 858 1980 multo
891 1955 976 1981 esse
1005 1942 1240 1980 meliorem:
1277 1943 1331 1980 ita
1363 1943 1402 1980 in
1429 1944 1504 1981 hac

155 2006 296 2045 mundi
329 2008 463 2054 d0m0,
487 2020 578 2046 cum
607 2009 713 2046 caelo
733 2016 915 2057 terraque
943 2007 1161 2057 perspicias
1196 2007 1500 2057 providentiam,

154 2073 352 2121 ordinem,
383 2074 525 2123 legem,
557 2075 675 2112 crede
705 2087 794 2112 esse
825 2074 1091 2113 universitatis
1125 2074 1334 2112 dominum
1367 2088 1504 2124 paren-

154 2146 318 2188 temque
334 2138 429 2193 ipsis
445 2139 644 2177 sideribus
663 2147 699 2177 et
720 2139 842 2177 totius
860 2139 999 2177 mundi
1022 2139 1199 2189 partibus
1220 2139 1502 2189 pulchriorem.

209 2203 270 2254 (5)
290 2204 344 2242 Ni
374 2205 486 2251 forte,
519 2204 709 2254 quoniam
732 2205 781 2243 de
808 2204 1058 2254 providentia
1081 2205 1190 2242 nulla
1211 2205 1411 2243 dubitatio
1432 2213 1501 2251 est,

155 2269 436 2319 inquirendum
458 2277 583 2319 putas,
607 2278 737 2308 utrum
769 2270 884 2307 unius
921 2270 1087 2319 imperio
1114 2283 1163 2307 an
1190 2269 1354 2308 arbitrio
1385 2270 1505 2320 pluri-

157 2347 311 2373 morum
344 2335 515 2373 caeleste
547 2348 710 2385 regnum
746 2335 1018 2385 gubernetur3
1048 2336 1159 2385 quod
1190 2335 1320 2385 ipsum
1342 2347 1425 2373 non
1446 2343 1505 2374 est

225 2418 376 2445 Minucius.
