1619 2596
197 49 286 104 176
662 58 1054 90 COMMENTAIRE.

189 171 336 205 timeris.
357 173 529 203 Tournurc
553 172 784 213 antithetique,
812 172 960 203 devenuc
979 172 1192 213 proverbiale.
1213 171 1375 214 Seneque‚
1397 173 1448 204 Dc
1464 174 1529 211 ira,

190 232 221 258 2,
246 231 294 259 1¹,
315 231 345 262 ’3,
365 222 429 252 cite
446 232 481 252 ce
500 233 570 252 vers
587 222 628 252 (le
647 221 805 253 Laberius
823 222 898 262 (que
912 222 942 252 le
962 222 1070 262 public
1087 221 1243 263 appliqua
1259 221 1277 253 ἐι
1295 221 1409 259 Cesar)
1427 234 1433 253 z

406 321 549 351 Necesse
574 326 621 351 est
647 321 767 351 multos
792 319 916 356 timeat,
943 331 1040 361 quem
1068 320 1159 350 inulti
1185 320 1311 351 timent.

232 417 479 458 Quamlibet...
496 417 608 450 multo
622 433 648 445 z
659 419 825 458 qualmvis.
835 444 854 449 ..
874 420 977 449 mullo
988 433 1015 446 =
1027 424 1094 449 lam
1112 420 1215 449 mullo
1230 430 1329 459 (suam
1347 420 1399 449 vis
1411 426 1428 450 «
1442 419 1531 460 quel-

186 478 251 509 que
267 468 460 499 nombreuse
476 479 540 509 quc
557 467 619 498 soit
636 469 667 497 la
683 467 766 498 suite
781 467 837 508 qui
855 467 1102 509 t'accompagne
1120 475 1148 499 >>.
1166 467 1216 499 (js.
1239 469 1287 505 16,
1305 478 1336 506 4.
1352 486 1392 490 -
1410 465 1534 500 Comi-

188 518 266 548 tatu
284 528 365 558 pour
381 515 545 555 comites,
566 516 644 547 c'est
661 516 822 547 l'abstrait
839 527 919 558 pour
937 518 966 548 lc
994 522 1144 553 concret;
1161 517 1200 547 cf.
1221 517 1252 554 6,
1274 526 1308 557 3:
1334 517 1529 558 anliqm'las.

189 585 230 588 —
253 566 296 597 Le
313 566 394 606 subj.
415 567 462 596 sis
477 566 624 607 exprime
642 576 704 597 une
722 566 946 607 supposition;
964 566 1002 596 cf.
1026 574 1055 606 5,
1073 573 1102 604 7.
1123 584 1164 588 —
1180 564 1238 597 Ad
1255 564 1459 607 periculum.
1479 566 1539 596 Ad

189 626 323 656 masque
340 626 382 645 un
401 621 532 656 rapport
552 615 592 646 (lc
617 615 828 646 coincidence
854 615 936 646 dans·
962 616 992 645 lc
1015 621 1146 656 temps:
1169 616 1317 655 periodo
1341 617 1534 646 inuninenle

189 672 206 696 «
224 663 243 695 a
260 664 383 695 l'lieure
410 664 454 695 dn
482 665 604 705 ‹langer
623 672 652 696 ».
674 664 724 695 Cf.
745 664 830 702 Cic.‚
851 665 1006 701 fulda„
1029 673 1058 700 2,
1082 672 1130 702 17,
1151 672 1192 703 3:
1220 670 1249 695 le
1267 666 1387 695 Romae
1399 664 1477 705 sore
1492 663 1539 694 acl

188 718 337 744 nostrum
363 714 551 744 advcnllrm.
575 714 627 744 Ou
651 712 834 754 peut-etre:
855 721 871 745 «
889 713 1009 744 (levant
1035 714 1064 744 lc
1081 713 1216 753 danger,
1237 724 1317 754 pour
1333 713 1487 743 affronter
1504 714 1533 743 le

190 763 313 802 danger
332 771 358 793 ».

228 858 276 892 10.
299 858 412 890 Error
439 866 456 890 «
475 859 605 890 illusion
624 867 651 890 ».
675 878 715 882 ——
742 858 872 891 Cultus
902 867 919 890 «
936 859 1026 891 sonci
1045 867 1073 910 »3
1095 878 1134 882 —
1164 858 1328 900 Fulgere
1355 867 1526 900 purpura,

186 910 309 940 mente
324 907 551 948 sordescere,
565 907 730 939 antitliese
747 919 811 950 que
829 909 859 939 le
875 919 952 948 grec
970 899 1179 950 exprimerait
1198 919 1278 949 par
1274 920 1297 939 υ.
1302 905 1349 940 έν.
1372 933 1377 939 .
1398 904 1444 939 δέ.
1467 908 1532 939 Ces

184 957 271 989 deux
288 957 439 988 infinitifs
455 966 529 988 sont
555 958 658 998 sujets
674 958 715 988 de
740 962 786 988 est
801 968 889 989 sous-
880 964 959 988 -ent.
984 974 1023 978 —-
1052 955 1259 989 Nobilitate
1287 965 1304 989 «
1323 933 1424 988 noble
1447 957 1531 988 nais-

186 1017 285 1038 sance
303 1014 330 1038 ».
352 1006 402 1037 Cf.
426 1004 565 1048 Apulee‚
586 1007 638 1037 De
662 1007 716 1038 dcv
743 1007 842 1044 δοίη,
863 1015 881 1036 2
886 1016 903 1046 3
924 1018 930 1036 :
954 1007 1132 1037 Gcnerosus
1146 1017 1178 1037 es
1191 1007 1206 1037 ‚⁷
1231 1008 1389 1037 l'arenlcs
1404 1006 1534 1037 laudas.

188 1055 551 1096 L'adjectifgcnerosus
568 1056 622 1093 (de
633 1056 753 1096 genus)
771 1055 900 1097 signific
917 1055 936 1086 a
954 1056 997 1086 lui
1015 1057 1083 1087 seul
1102 1064 1119 1087 «
1137 1056 1177 1087 de
1195 1066 1268 1087 racc
1285 1056 1384 1087 noble
1402 1064 1431 1087 )>.

229 1152 277 1186 11.
300 1151 457 1193 Reponse
473 1163 514 1183 au
530 1152 582 1184 ch.
603 1152 688 1190 XII,
710 1159 738 1192 5.
757 1153 808 1183 Cf.
825 1153 983 1190 Tertull.,
1002 1154 1113 1193 Apol„
1135 1153 1187 1192 38,
1206 1163 1226 1191 4
1242 1159 1274 1184 et
1291 1162 1343 1192 42.
1363 1163 1394 1191 4.
1422 1153 1530 1191 Lact.‚

186 1202 268 1233 Dia».
299 1203 391 1232 inst..
420 1202 453 1239 6,
481 1210 534 1239 20,
563 1209 673 1241 27-35,
703 1201 887 1243 developpe
913 1213 968 1233 ces
996 1201 1096 1233 idees.
1117 1221 1158 1224 —
1188 1200 1299 1242 Qui...
1327 1210 1529 1234 censemur.

191 1251 326 1282 Censerz'
351 1252 467 1291 aliqua
492 1262 537 1288 re,
554 1250 634 1282 'etre
659 1249 787 1288 estimci,
807 1250 979 1282 considere
1006 1262 1088 1292 pour
1115 1253 1257 1292 quelque
1287 1251 1396 1283 chose.
1419 1251 1449 1282 Il
1464 1251 1533 1282 saut

186 1302 346 1331 entendre
367 1312 373 1330 ε
394 1299 484 1341 «qui
509 1310 652 1331 sommes
677 1298 814 1331 estimes
840 1301 944 1338 (entre
970 1302 1077 1338 nous),
1097 1301 1153 1342 qui
1171 1300 1384 1332 n'attachons
1399 1301 1444 1331 du
1461 1300 1533 1342 prix

185 1349 262 1391 qu'z‘i
275 1357 302 1381 ».
320 1366 357 1369 —
379 1346 515 1380 Merito
535 1357 551 1380 <‹
569 1350 823 1380 naturellement
839 1356 856 1381 >>
873 1362 881 1387 ;
899 1349 939 1380 cf.
965 1358 1013 1389 13,
1035 1358 1066 1380 2.
1083 1368 1122 1372 —
1141 1348 1305 1390 Pompis,
1331 1360 1404 1391 voy.
1430 1358 1479 1386 12,
1501 1358 1530 1389 5.

187 1417 229 1420 —
247 1397 304 1429 De
327 1395 450 1429 sacris
477 1395 658 1438 originem
675 1405 692 1430 «
710 1398 838 1439 origine
855 1397 962 1437 (tire'e)
981 1399 1024 1429 du
1042 1400 1141 1433 culte.
1162 1398 1309 1440 l‘origine
1326 1398 1497 1440 religieuse
1514 1405 1532 1430 )>

187 1446 230 1485 (a
254 1448 356 1478 sacris
381 1448 510 1477 ductam
532 1458 595 1477 esse
625 1448 786 1487 originem
810 1448 986 1488 novimus)
999 1458 1012 1484 ‚·
1038 1459 1110 1488 voy.
1129 1456 1159 1485 2,
1181 1456 1208 1488 3.
1238 1449 1302 1479 Ces
1327 1448 1534 1488 processions

187 1502 219 1528 et
242 1507 295 1527 ces
314 1497 496 1538 spectacles
519 1496 652 1527 tiraient
670 1498 738 1528 leur
763 1497 890 1538 origine
911 1497 955 1528 (lu
972 1498 1071 1535 culte,
1092 1497 1173 1528 dont
1190 1497 1230 1528 ils
1248 1497 1397 1528 faisaient
1415 1498 1531 1539 partie,

186 1556 315 1577 comme
344 1547 374 1576 le
401 1546 451 1576 dit
485 1546 685 1584 Tertullien‚
714 1547 764 1577 ch.
797 1546 848 1586 38,
879 1557 907 1582 4.
941 1546 1003 1578 Sur
1031 1551 1116 1577 cette
1148 1545 1293 1585 defense,
1324 1557 1398 1587 voy.
1435 1548 1535 1577 Actus

188 1597 315 1635 Apoxt„
339 1603 387 1635 15.
409 1603 447 1634 27
467 1594 545 1634 (cite
567 1605 607 1625 au
625 1595 675 1625 ch.
700 1594 751 1635 38,
771 1597 804 1634 4)
827 1601 859 1626 et
877 1595 910 1627 S.
934 1596 1024 1632 Paul,
1046 1596 1155 1636 Epist.
1174 1596 1221 1626 ad
1236 1596 1324 1633 Con,
1349 1604 1375 1633 1,
1399 1604 1447 1633 10,
1471 1604 1532 1634 14:

188 1645 329 1685 Propter
344 1645 447 1685 quod,
460 1645 620 1676 carissimi
637 1644 729 1681 1111111,
744 1645 846 1686 sugite
862 1645 905 1675 ab
921 1645 1085 1676 idolorum
1103 1646 1271 1676 cultura...
1294 1653 1344 1676 20.
1366 1645 1434 1677 Sed
1449 1655 1534 1686 quae

188 1694 362 1724 immolant
387 1702 515 1734 gentes,
535 1693 721 1724 daemoniis
747 1694 934 1731 immolant,
960 1700 991 1724 et
1014 1704 1080 1724 non
1108 1695 1192 1725 Deo.
1226 1694 1314 1725 Nolo
1338 1701 1450 1725 autem
1477 1704 1535 1725 vos

188 1743 295 1773 socios
312 1742 380 1773 fieri
392 1743 654 1774 daemoniorum.
671 1743 749 1774 Non
766 1743 902 1784 potestis
914 1743 1049 1774 calicem
1064 1743 1191 1774 domini
1203 1743 1330 1781 bibere,
1349 1749 1382 1774 et
1397 1743 1533 1774 calicem

188 1791 481 1823 daemoniorum...
511 1801 561 1822 21.
592 1792 669 1822 Non
696 1792 835 1834 potestis
861 1803 992 1823 mensae
1019 1792 1159 1824 Domini
1187 1792 1366 1834 participes
1391 1803 1474 1830 esse,
1502 1798 1535 1823 et

190 1851 323 1872 mensae
347 1841 607 1871 daemoniorum.
634 1849 686 1881 25.
712 1842 822 1873 Omne
844 1841 934 1882 quod
961 1841 995 1872 in
1026 1842 1168 1873 macello
1193 1841 1294 1879 venit,
1319 1842 1532 1878 manducate,

190 1889 271 1920 nihil
297 1890 537 1930 interrogantes
561 1897 697 1931 propter
721 1890 973 1922 conscientiam.
993 1890 1044 1921 26.
1072 1889 1210 1921 Domini
1231 1897 1281 1921 est
1303 1896 1389 1921 terra
1409 1895 1442 1922 et
1467 1891 1534 1931 ple-

189 1939 308 1970 nitudo
332 1940 411 1981 ejus.
437 1947 488 1978 27.
513 1939 547 1970 Si
571 1939 645 1980 quis
673 1946 767 1971 vocat
790 1950 847 1971 vos
872 1939 1070 1978 infidelium,
1090 1945 1122 1971 et
1138 1939 1262 1971 vultis
1255 1951 1311 1977 ire,
1330 1950 1428 1971 omne
1444 1939 1534 1981 quod

190 1988 285 2019 vobis
309 1961 487 2029 apponitiir
514 1989 726 2026 manducue,
746 1989 829 2019 1111111
857 1989 1101 2030 interrogantes
1126 1995 1263 2030 propter
1280 1989 1531 2020 conscientiam.

190 2037 243 2069 28.
265 2038 296 2068 Si
313 2037 387 2078 quis
402 2043 512 2068 autem
530 2037 671 2069 dixerit:
688 2038 765 2069 Hoc
782 2038 990 2069 immolatum
1008 2044 1055 2069 est
1073 2038 1182 2075 idolis,
1199 2038 1302 2070 nolite
1318 2038 1533 2076 manducare,

191 2093 327 2128 propter
345 2087 437 2117 illum
453 2087 510 2128 qui
540 2087 709 2125 indicavit,
730 2093 762 2118 et
790 2093 926 2129 propter
943 2087 1194 2119 conscientiam.
1215 2096 1264 2126 29.
1286 2087 1534 2119 Conscientiam

190 2142 301 2168 autem
318 2136 393 2167 dico
409 2146 476 2166 non
495 2142 599 2173 tuam,
619 2137 676 2167 sed
694 2136 841 2167 alterius.
866 2137 911 2168 Ut
927 2136 1009 2178 quid
1024 2137 1111 2167 enim
1130 2136 1266 2168 libertas
1284 2147 1357 2167 mea
1369 2137 1535 2177 judicatur

190 2186 234 2217 ab
257 2185 366 2216 aliena
390 2185 621 2217 conscientia?
649 2204 692 2208 —-
717 2183 833 2217 Ludis
860 2184 1062 2218 currulibus
1087 2193 1104 2217 «
1119 2186 1198 2227 jeux
1215 2185 1258 2216 du
1275 2185 1388 2226 cirque
1404 2193 1422 2218 )>
1440 2184 1538 2225 (ludi

191 2236 378 2275 circenses),
399 2244 532 2265 courses
549 2235 590 2265 de
607 2235 755 2266 chevaux
773 2240 805 2266 et
822 2235 863 2266 de
880 2236 975 2266 chars
992 2234 1167 2276 (currus).
1186 2253 1226 2258 -—
1245 2234 1288 2266 In
1304 2243 1344 2266 se
1360 2232 1530 2267 rixantis.

193 2286 236 2315 ln
253 2294 283 2315 se
299 2289 347 2315 est
365 2284 427 2315 mis
440 2293 522 2324 pour
536 2285 626 2314 inter
639 2295 670 2315 se
684 2290 716 2316 et
728 2285 758 2315 le
771 2295 913 2323 pronom
930 2295 961 2315 se
973 2283 1162 2325 represente
1179 2285 1210 2315 le
1221 2284 1530 2326 collectifpopulus‚

187 2333 249 2375 «qui.
266 2333 413 2364 contient
430 2343 496 2365 une
518 2332 592 2364 idee
609 2333 651 2364 de
674 2334 793 2374 pluriel
815 2345 823 2371 ;
841 2333 884 2366 cf.
899 2341 930 2373 3,
949 2333 979 2365 6.
1001 2350 1042 2354 —
1069 2334 1134 2365 Les
1153 2333 1238 2364 rixes
1255 2333 1314 2365 des
1329 2338 1534 2375 spectateurs

1595 2476 1619 2596 kiza-k·
1613 2453 1619 2460 .
1602 2391 1619 2438 -ζη,
1609 2274 1619 2378 astas-
