1619 2596
175 77 233 121 32
710 76 976 108 ocnvrus.

173 186 233 224 nis
251 186 457 234 judicaret,
493 191 611 222 essent
632 185 825 235 urguendi
858 185 990 234 magis,
1027 198 1106 222 non
1128 194 1169 222 ut
1191 185 1453 224 diffiterentur
1473 198 1515 223 se

168 251 431 296 Christianos,
454 251 526 289 sed
549 259 588 288 ut
611 251 661 288 de
683 250 845 288 incestis
866 250 1023 299 stupris,
1047 251 1096 288 de
1119 249 1278 299 inpiatis
1310 249 1441 297 sacris,
1465 251 1516 288 de

171 317 388 354 infantibus
410 316 623 353 immolatis
644 316 870 354 faterentur.
895 316 954 364 (6)
979 314 1054 352 His
1074 315 1180 352 enim
1217 323 1255 353 et
1285 316 1514 364 hujusmodi

172 380 313 419 fabulis
327 381 435 419 idem
449 382 670 419 daemones
682 381 733 418 ad
747 380 1008 418 execrationis
1025 381 1227 418 horrorem
1243 380 1515 428 imperitorum

172 459 286 484 aures
324 446 513 484 adversus
551 458 623 483 nos
654 447 904 484 referserunt,
945 445 1031 483 Nec
1062 453 1196 482 tamen
1228 444 1384 491 mirum,
1424 457 1515 482 cum

171 511 352 549 omnium
396 511 511 556 fama,
553 523 655 559 quae
695 522 853 559 semper
892 510 1080 560 insparsis
1131 508 1350 547 mendaciis
1389 509 1516 556 alitur,

173 585 334 626 ostensa
354 577 518 615 veritate
538 570 797 622 consumitur,
821 576 874 614 sit
890 584 927 614 et
951 576 1154 625 negotium
1176 576 1441 624 daemonum3
1466 576 1518 613 ab

173 647 268 697 ipsis
289 647 396 685 enirn
419 658 553 683 rumor
575 647 694 683 falsus
714 652 753 683 et
775 644 916 683 seritur
936 652 974 682 et
995 645 1158 682 fovetur.

226 713 287 762 (7)
311 713 413 750 Inde
433 720 490 749 est
513 711 623 760 quod
652 709 790 748 audire
812 717 851 747 te
872 708 984 755 dicis,
1017 717 1135 759 caput
1157 709 1259 747 asini
1291 722 1372 747 rem
1403 707 1520 746 nobis

172 791 258 816 esse
279 778 468 816 divinam.
492 777 593 824 Quis
614 784 694 813 tam
716 776 870 821 stultus,
893 782 934 812 ut
957 776 1034 812 hoc
1054 776 1188 812 colat?
1219 774 1320 822 Quis
1351 773 1518 820 stultior,

174 851 217 881 ut
234 844 310 881 hoc
331 843 407 881 coli
430 843 566 880 credat
587 843 602 879 ?
624 840 712 879 Nisi
733 841 845 890 quod
867 853 936 877 vos
958 850 995 878 et
1012 847 1119 878 totos
1140 839 1273 878 asinos
1295 840 1333 877 in
1355 838 1520 877 stabulis

175 921 265 946 curn
301 914 429 946 vestra
455 908 515 944 vel
541 908 683 956 Epona
717 904 962 943 consecratis
997 913 1035 943 et
1065 906 1230 943 eosdem
1261 904 1394 942 asinos
1427 916 1518 942 cum

179 972 285 1011 Iside
305 972 486 1022 religiose
515 970 730 1017 devoratis,
752 970 847 1009 item
870 970 992 1008 boum
1023 970 1153 1019 capita
1173 977 1211 1007 et
1232 970 1361 1020 capita
1390 982 1521 1008 verve-

175 1050 266 1075 cum
300 1045 339 1076 et
373 1037 591 1074 immolatis
627 1044 666 1074 et
701 1035 843 1081 colitis,
884 1036 935 1074 de
966 1048 1087 1084 capro
1123 1035 1242 1073 etiam
1281 1044 1320 1073 et
1354 1033 1520 1072 homine

177 1103 319 1142 mixtos
353 1104 451 1141 deos
490 1109 527 1140 et
567 1104 727 1140 leonum
767 1109 806 1140 et
845 1114 988 1138 canum
1025 1091 1142 1138 vultu⁸
1174 1102 1271 1139 deos
1310 1099 1517 1139 dedicatis.

177 1170 235 1220 (8)
255 1170 403 1208 Nonne
425 1177 462 1207 et
485 1169 595 1217 Apin
632 1168 776 1206 bovem
811 1180 904 1204 cum
934 1166 1139 1216 Aegyptiis
1171 1166 1343 1204 adoratis
1363 1175 1401 1204 et
1433 1180 1517 1216 pas-

174 1235 294 1273 citis?
323 1235 411 1272 Nec
431 1246 571 1271 eorum
592 1246 702 1271 sacra
722 1231 921 1271 damnatis
943 1231 1123 1269 instituta
1144 1232 1405 1281 serpentibus,
1437 1245 1518 1270 cro-

167 1299 342 1345 codillis,
367 1298 495 1336 beluis
516 1297 656 1336 ceteris
678 1305 717 1336 et
736 1297 875 1335 avibus
889 1304 927 1335 et
945 1296 1132 1346 piscibus,
1156 1308 1325 1345 quorum
1341 1296 1516 1346 aliquem

176 1366 298 1403 deum
332 1363 364 1402 si
399 1362 488 1413 quis
527 1362 734 1410 occiderit,
772 1362 891 1401 etiam
933 1360 1062 1411 capite
1094 1361 1268 1410 punitur.
1305 1360 1364 1410 (9)
1401 1362 1516 1399 Idem

175 1429 361 1480 Aegyptii
401 1442 493 1467 cum
535 1427 737 1478 plerisque
771 1427 883 1465 vobis
929 1440 1009 1465 non
1045 1426 1168 1476 magis
1210 1426 1358 1465 Isidem
1397 1439 1517 1476 quarn

176 1507 365 1546 ceparum
384 1493 622 1532 acrimonias
644 1500 879 1531 metuunt...

230 1561 382 1598 XXIX.
408 1560 523 1597 Haec
545 1566 584 1598 et
604 1559 834 1608 hujusmodi
857 1557 1054 1608 propudia
1083 1557 1200 1595 nobis
1222 1570 1302 1595 non
1330 1557 1422 1595 licet
1445 1569 1519 1595 nee

177 1626 327 1672 audire,
364 1624 482 1663 etiam
516 1624 697 1674 pluribus
730 1631 843 1673 turpe
882 1624 1099 1661 defendere
1133 1630 1217 1660 est:
1251 1635 1297 1660 ea
1331 1623 1438 1660 enim
1467 1622 1519 1660 de

178 1690 296 1729 castis
325 1689 472 1739 fingitis
493 1697 532 1728 et
553 1688 722 1739 pudicis,
745 1702 848 1739 quae
869 1688 950 1727 fieri
973 1701 1052 1726 non
1083 1688 1348 1734 crederemus,
1372 1687 1444 1725 nisi
1467 1687 1518 1725 de

177 1755 292 1794 vobis
312 1754 548 1805 probaretis.

234 1820 293 1871 (2)
330 1821 435 1858 Nam
475 1821 587 1869 quod
622 1819 802 1869 religioni
843 1825 1001 1858 nostrae
1033 1818 1238 1856 hominem
1285 1818 1448 1856 noxium
1480 1825 1520 1856 et

177 1898 337 1925 crucem
353 1886 439 1934 ejus
460 1884 695 1931 adscribitis,
718 1886 835 1934 longe
855 1885 906 1922 de
926 1882 1069 1921 vicinia
1090 1883 1262 1921 veritatis
1282 1882 1427 1929 erratis,
1452 1881 1520 1932 qui

178 1950 326 2001 putatis
347 1952 468 1989 deum
490 1949 599 1988 credi
628 1957 696 1987 aut
716 1949 906 1989 meruisse
927 1950 1089 1989 noxium
1119 1957 1185 1989 aut
1206 1949 1384 2000 potuisse
1404 1956 1522 1987 terre-

174 2029 290 2054 rnum.
314 2015 374 2065 (3)
405 2016 467 2054 Ne
489 2014 554 2053 ille
576 2014 823 2062 miserabilis,
853 2018 966 2066 cujus
996 2016 1035 2054 in
1057 2016 1220 2054 homine
1251 2014 1406 2054 mortali
1427 2026 1520 2064 spes

178 2080 310 2119 omnis
344 2079 548 2118 innititur:
581 2087 709 2119 totum
739 2080 848 2118 enim
880 2083 964 2131 ejus
998 2081 1187 2119 auxilium
1222 2094 1313 2119 cum
1343 2079 1522 2118 extincto

179 2145 343 2184 homine
358 2144 515 2182 finitur!
537 2144 597 2194 (4)
614 2145 797 2194 Aegyptii
819 2159 914 2184 sane
936 2145 1142 2184 hominem
1158 2145 1232 2184 sibi
1250 2157 1370 2195 quem
1387 2145 1523 2183 colant

181 2211 357 2260 eligunt:
387 2209 498 2248 illum
519 2223 642 2247 unum
676 2210 903 2260 propitiant,
936 2211 1049 2249 illum
1083 2212 1134 2249 de
1163 2211 1352 2249 omnibus
1383 2221 1523 2247 consu·

179 2277 277 2323 lunt,
299 2275 352 2313 illi
374 2275 553 2314 victimas
574 2277 759 2314 caedunt.
775 2277 830 2314 At
847 2277 922 2324 ille,
941 2277 1007 2326 qui
1031 2276 1170 2315 ceteris
1191 2278 1301 2323 deus,
1324 2275 1399 2314 sibi
1420 2282 1525 2314 certe

181 2341 304 2379 homo
324 2348 395 2387 est,
417 2340 511 2380 velit
531 2341 632 2379 nolit
650 2356 657 2380 :
687 2355 760 2380 nec
786 2341 894 2380 enirn
915 2341 1202 2381 conscientiam
1224 2354 1335 2380 suam
1357 2339 1520 2390 decipit,
