1619 2596
131 102 161 145 4
671 96 939 129 OCTAvluS.

182 212 230 248 V.
271 211 377 247 Tum
407 209 465 247 sic
496 207 695 247 Caecilius
729 220 891 245 exorsus
922 215 1005 245 est:
1042 222 1059 244 «
1093 207 1347 256 Quamquam
1388 208 1471 254 tibi,

130 277 266 313 Marce
288 276 413 320 frater,
433 275 483 312 de
504 286 586 323 quo
612 285 703 310 cum
727 272 895 311 maxime
925 273 1152 321 quaerimus
1183 285 1263 309 non
1286 273 1332 310 sit
1353 273 1475 310 ambi-

126 353 260 390 guum,
304 347 443 389 utpote
483 351 573 376 cum
610 337 822 387 diligenter
857 338 894 374 in
931 345 1101 386 utroque
1134 337 1291 375 vivendi
1331 351 1475 387 genere

127 413 305 443 versatus
327 403 548 454 repudiaris
569 403 748 445 alterum,
768 404 933 439 alterum
955 402 1226 452 conprobans,
1251 403 1476 452 inpraesen-

127 471 270 508 tiarum
301 478 435 507 tamen
469 468 522 506 ita
552 466 624 505 tibi
654 466 932 505 informandus
961 475 1021 505 est
1050 467 1219 513 animus,
1257 477 1298 504 ut
1333 468 1473 505 libram

128 544 264 575 teneas
298 533 528 584 aequissimi
561 532 712 582 judicis
747 545 821 570 nec
858 532 896 570 in
930 534 1095 570 alteram
1128 540 1280 582 partem
1311 546 1477 582 propen—

129 614 196 640 sus
235 600 460 645 incumbas,
504 612 554 637 ne
594 610 674 636 non
716 605 795 634 tam
845 611 891 635 ex
942 597 1086 636 nostris
1134 597 1477 648 disputationibus

129 672 221 704 nata
261 663 462 702 sententia
501 675 620 712 quam
661 675 709 700 ex
747 661 824 699 tuis
864 662 1048 700 sensibus
1095 663 1247 712 prolata
1287 661 1476 700 videatur.

129 731 190 781 (2)
211 729 396 776 Proinde,
413 727 447 766 si
468 727 564 765 mihi
582 727 694 777 quasi
718 739 844 764 novus
859 727 982 777 aliqui
1001 735 1041 765 et
1058 728 1167 776 quasi
1187 728 1345 777 ignarus
1361 729 1481 778 partis

129 795 334 845 utriusque
355 793 555 839 considas,
579 794 733 830 nullum
769 791 973 842 negotium
1009 801 1068 830 est
1088 794 1324 842 patefacere,
1346 794 1482 831 omnia

129 862 169 900 in
186 860 304 899 rebus
326 859 513 897 humanis
543 858 677 904 dubia,
701 857 861 902 incerta,
885 870 1078 906 suspensa
1110 857 1313 908 magisque
1344 858 1482 896 omnia

128 924 356 964 verisimilia
376 936 497 973 quam
534 936 649 961 vera:
672 923 731 971 (3)
752 935 833 971 quo
865 921 988 972 magis
1023 923 1163 960 mirum
1186 931 1244 960 est
1267 924 1482 961 nonnullos

130 992 264 1029 taedio
282 990 583 1039 investigandae
598 988 755 1038 penitus
774 987 947 1026 veritatis
960 988 1125 1026 cuilibet
1138 988 1318 1039 opinioni
1333 996 1483 1027 temere

129 1056 393 1094 succumbere
413 1067 535 1104 quam
556 1053 596 1091 in
631 1053 878 1103 explorando
906 1053 1100 1103 pertinaci
1122 1053 1327 1102 diligentia
1354 1066 1481 1102 perse-

131 1133 277 1159 verare.
301 1121 360 1171 (4)
381 1121 523 1169 Itaque
540 1118 829 1168 indignandum
853 1118 1051 1165 omnibus,
1071 1118 1404 1157 indolescendum
1420 1127 1480 1156 est

131 1186 280 1224 audere
293 1185 552 1235 quosdam‚et
568 1184 647 1221 hoc
664 1183 888 1221 studiorum
903 1184 1032 1230 rudes,
1044 1183 1261 1221 litterarum
1278 1184 1478 1233 profanos,

133 1258 315 1300 expertes
335 1249 480 1288 artium
501 1248 622 1287 etiam
636 1248 900 1292 sordidarum,
923 1256 1076 1286 certum
1093 1248 1244 1297 aliquid
1260 1249 1311 1287 de
1325 1260 1481 1285 summa

131 1329 261 1355 rerum
275 1329 322 1354 ac
336 1316 544 1364 majestate
556 1315 838 1360 decernere‚de
852 1326 930 1363 qua
943 1322 1001 1352 tot
1018 1314 1206 1352 omnibus
1219 1314 1386 1352 saeculis
1399 1327 1482 1352 sec-

131 1390 262 1419 tarum
290 1380 549 1431 plurimarum
570 1392 698 1430 usque
718 1379 851 1417 adhuc
878 1378 964 1429 ipsa
990 1379 1245 1430 philosophia
1271 1379 1478 1418 deliberat.

131 1451 192 1496 (5)
215 1447 303 1484 Nec
323 1444 523 1491 inmerito,
545 1458 636 1483 cum
659 1451 816 1482 tantum
836 1443 940 1481 absit
961 1445 1012 1482 ab
1043 1444 1317 1495 exploratione
1345 1444 1480 1482 divina

130 1513 307 1550 humana
322 1510 588 1556 mediocritas,
610 1518 654 1549 ut
670 1523 801 1560 neque
817 1523 921 1560 quae
937 1523 1056 1561 supra
1068 1523 1142 1548 nos
1158 1511 1271 1549 caelo
1286 1522 1481 1559 suspensa

129 1578 288 1616 sublata
309 1584 402 1615 sunt
423 1589 555 1626 neque
572 1588 675 1626 quae
691 1575 791 1613 infra
804 1583 945 1614 terram
964 1576 1160 1625 profunda
1175 1577 1358 1614 demersa
1374 1583 1479 1621 sunt,

129 1650 197 1681 aut
236 1642 336 1680 scire
375 1641 407 1679 si
445 1643 584 1680 datum
624 1648 690 1679 aut
725 1640 879 1690 ruspari
907 1640 1146 1689 religiosum,
1178 1648 1215 1679 et
1250 1641 1354 1679 beati
1388 1640 1481 1679 satis

129 1708 307 1757 satisque
343 1708 560 1757 prudentes
587 1708 673 1755 jure
693 1706 911 1752 videamur,
934 1707 965 1744 si
987 1707 1209 1745 secundum
1238 1706 1335 1744 illud
1370 1713 1481 1744 vetus

132 1773 324 1823 sapientis
369 1773 575 1811 oraculum
622 1780 781 1810 nosmet
819 1772 928 1822 ipsos
967 1771 1200 1810 familiarius
1241 1771 1482 1811 noverimus.

134 1838 194 1889 (6)
216 1840 295 1878 Sed
309 1846 508 1887 quatenus
522 1837 779 1888 indulgentes
794 1837 937 1876 insano
953 1846 1073 1887 atque
1089 1838 1227 1888 inepto
1242 1837 1368 1876 labori
1381 1838 1483 1875 ultra

133 1903 366 1942 humilitatis
389 1910 547 1941 nostrae
563 1903 756 1941 terminos
787 1915 999 1953 evagamur
1029 1910 1068 1941 et
1098 1903 1139 1940 in
1156 1910 1298 1941 terram
1315 1903 1480 1952 projecti

132 1971 288 2009 caelum
305 1969 436 2020 ipsum
450 1976 489 2008 et
504 1968 591 2019 ipsa
603 1968 734 2007 sidera
748 1968 893 2007 audaci
907 1969 1127 2018 cupiditate
1147 1968 1479 2015 transcendimus,

132 2036 313 2075 velhunc
327 2047 501 2073 errorem
515 2035 657 2073 saltem
672 2047 752 2072 non
762 2034 872 2072 vanis
885 2042 923 2072 et
938 2033 1208 2073 formidulosis
1221 2033 1480 2084 opinionibus

134 2099 402 2149 implicemus.
426 2098 487 2149 (7)
509 2098 596 2137 Sint
621 2098 822 2149 principio
842 2098 1023 2136 omnium
1046 2099 1199 2154 semina
1220 2107 1359 2137 natura
1379 2098 1418 2137 in
1440 2112 1482 2137 se

135 2173 312 2204 coeunte
350 2165 535 2212 densata,
579 2163 668 2214 quis
713 2163 777 2202 hic
832 2171 971 2202 auctor
1010 2166 1142 2203 deus?
1180 2165 1266 2203 Sint
1308 2164 1480 2203 fortuitis

135 2230 470 2269 concursionibus
519 2229 640 2269 totius
690 2229 829 2267 mundi
885 2230 1065 2268 membra
1111 2229 1265 2275 coalita,
1314 2230 1479 2280 digesta,

135 2297 314 2342 formata,
336 2295 425 2345 quis
446 2296 546 2334 deus
567 2294 846 2334 machinator?
866 2295 1004 2333 Sidera
1017 2294 1108 2333 licet
1129 2294 1231 2345 ignis
1252 2296 1481 2334 accenderit

133 2368 172 2399 et
194 2361 350 2399 caelum
370 2361 463 2399 licet
483 2373 554 2399 sua
582 2360 744 2398 materia
773 2360 1023 2411 suspenderit
1058 2359 1151 2398 licet
1180 2367 1322 2398 terram
1343 2361 1479 2399 funda-
