1619 2596
166 75 225 117 26
701 85 966 117 OCTAva.

159 195 316 240 obeam,
345 202 402 233 tot
438 203 528 232 sunt
563 196 675 244 Jovis
704 204 881 234 monstra
909 202 1010 245 quot
1033 195 1207 233 nomina.
1240 195 1297 245 (7)
1330 197 1503 247 Erigone

158 272 354 309 suspensa
392 260 442 298 de
479 261 622 310 laqueo
656 269 727 308 est,
769 268 811 298 ut
846 262 967 311 Virgo
1007 261 1107 299 inter
1146 268 1249 299 astra
1283 261 1407 310 ignita
1440 262 1502 309 sit,

159 325 346 364 Castores
379 325 539 363 alternis
575 326 795 364 moriuntur
831 334 872 364 ut
907 326 1049 372 vivant,
1090 326 1351 376 Aesculapius
1388 335 1429 364 ut
1464 327 1504 364 in

158 392 278 429 deum
293 399 425 442 surgat
447 391 687 439 fulminatur,
711 394 904 430 Hercules
923 400 964 430 ut
982 392 1187 430 hominem
1202 401 1329 439 exuat,
1351 393 1506 431 Oetaeis

159 455 318 505 ignibus
345 464 636 494 concrematur.

152 552 161 563 .,
213 522 365 559 XXIV.
391 523 478 560 Has
499 522 652 560 fabulas
674 529 712 560 et
739 535 889 560 errores
919 529 957 560 et
987 522 1037 560 ab
1066 521 1244 571 inperitis
1275 522 1507 573 parentibus

158 586 363 634 discimus,
405 595 444 626 et
483 589 593 637 quod
628 596 686 626 est
714 588 869 638 gravius
904 587 999 638 ipsis
1035 587 1178 626 studiis
1213 595 1252 626 et
1283 586 1508 637 disciplinis

158 653 424 701 elaboramus,
447 653 691 692 carminibus
713 654 927 704 praecipue
956 663 1176 704 poetarum,
1201 654 1269 704 qui
1291 654 1508 704 plurimum

158 727 353 769 quantum
375 719 528 758 veritati
551 719 624 770 ipsi
642 733 712 757 sua
728 719 965 758 auctoritate
987 728 1223 758 nocuerunt.
1247 719 1307 769 (2)
1330 720 1380 757 Et
1396 720 1509 757 Plato

159 785 252 823 ideo
276 786 474 833 praeclare
499 786 723 823 Homerum
755 785 865 823 illum
889 786 1081 835 inclytum
1103 786 1311 824 laudatum
1333 793 1371 823 et
1401 797 1510 822 coro-

161 857 299 887 natum
341 851 391 888 de
421 849 591 896 civitate,
624 864 744 900 quam
788 850 827 887 in
871 863 1055 889 sermone
1090 850 1334 896 instituebat,
1377 849 1506 899 ejecit.

162 916 223 965 (3)
262 916 342 953 Hic
378 915 486 954 enim
517 915 754 966 praecipuus
790 917 896 954 bello
923 916 1071 954 Troico
1104 917 1202 954 deos
1237 925 1402 965 vestrm,
1436 915 1508 954 etsi

158 982 277 1018 ludos
300 980 405 1027 facit,
423 989 559 1019 tamen
582 981 621 1018 in
643 981 853 1019 hominum
877 981 994 1019 rebus
1015 989 1053 1019 et
1074 980 1230 1019 actibus
1252 980 1421 1029 miscuit,
1444 980 1509 1018 hic

159 1059 297 1084 eorum
319 1046 429 1097 paria
449 1047 690 1096 composuit,
713 1046 906 1084 sauciavit
935 1048 1148 1093 Venerem,
1172 1047 1347 1085 Martem
1370 1045 1506 1091 vinxit,

160 1112 393 1158 vulneravit,
416 1112 573 1161 fugavit.
598 1111 657 1162 (4)
679 1113 820 1161 Jovem
843 1119 972 1149 narrat
995 1112 1155 1150 Briareo
1175 1111 1398 1157 liberatum,
1423 1125 1472 1149 ne
1488 1124 1510 1148 a

159 1177 235 1216 diis
256 1177 399 1216 ceteris
419 1178 615 1227 ligaretur,
638 1184 677 1215 et
705 1178 979 1228 Sarpedonem
1006 1177 1142 1223 filium,
1165 1177 1358 1226 quoniam
1391 1177 1506 1214 morti

160 1257 243 1281 non
275 1251 430 1293 poterat
461 1243 623 1293 eripere,
656 1243 831 1281 cruentis
862 1242 1057 1281 imbribus
1096 1244 1254 1281 ἢθη...
1290 1242 1363 1292 (5).
1398 1241 1507 1279 Alibi

160 1310 360 1347 Hercules
398 1317 573 1346 stercora
601 1308 724 1358 egerit
753 1316 792 1346 et
819 1309 965 1357 Apollo
997 1309 1174 1346 Admeto
1204 1320 1327 1358 pecus
1367 1306 1505 1357 pascit.

160 1374 430 1413 Laomedonti
453 1387 544 1412 vero
567 1387 700 1412 muros
730 1375 945 1423 Neptunus
976 1373 1159 1419 instituit,
1183 1386 1257 1411 nec
1279 1373 1506 1410 mercedem

157 1440 290 1489 operis
311 1439 447 1477 infelix
476 1446 649 1476 structor
678 1438 848 1487 accepit.
882 1438 942 1488 (6)
974 1438 1060 1476 Illic
1091 1438 1201 1488 Jovis
1232 1438 1383 1475 fulmen
1413 1449 1505 1474 cum

157 1505 321 1542 Aeneae
342 1503 461 1541 armis
483 1503 522 1540 in
545 1503 693 1542 incude
723 1503 950 1549 fabricatur,
982 1516 1074 1540 cum
1103 1505 1256 1541 caelum
1279 1510 1318 1540 et
1339 1501 1507 1539 fulmina

157 1577 196 1607 et
216 1569 372 1619 fulgura
393 1570 511 1618 longe
532 1576 623 1607 ante
637 1569 792 1615 fuerint,
818 1581 939 1618 quam
960 1569 1146 1619 Juppiter
1166 1568 1207 1605 in
1229 1568 1350 1607 Creta
1372 1579 1507 1605 nasce-

158 1642 276 1680 retur,
298 1642 337 1672 et
357 1636 538 1672 flammas
559 1633 641 1673 veri
661 1634 838 1672 fulminis
860 1647 935 1672 nec
962 1634 1140 1684 Cyclops
1161 1633 1334 1684 potuerit
1361 1631 1504 1670 imitari

159 1712 233 1738 nec
268 1699 352 1749 ipse
388 1700 573 1750 Juppiter
600 1712 681 1738 non
711 1699 847 1738 vereri.
881 1699 939 1749 (7)
973 1700 1083 1748 Quid
1116 1701 1256 1748 loquar
1292 1697 1434 1736 Martis
1468 1706 1506 1735 et

159 1765 326 1803 Veneris
360 1765 601 1804 adulterium
636 1765 933 1815 deprehensum
964 1773 1002 1802 et
1030 1765 1069 1802 in
1100 1765 1364 1813 Ganymeden
1394 1763 1507 1813 Jovis

157 1839 342 1880 stuprum
364 1832 477 1868 caelo
493 1832 803 1869 consecratum?
824 1831 940 1879 Quae
960 1831 1096 1868 omnia
1118 1831 1156 1867 in
1178 1831 1254 1868 hoc
1275 1829 1444 1880 prodita,
1463 1837 1507 1867 ut

158 1896 262 1935 vitiis
283 1897 493 1934 hominum
515 1897 715 1946 quaedam
737 1895 951 1934 auctoritas
972 1904 1186 1947 pararetur.

212 1961 355 2011 (8)His
373 1969 492 2010 atque
506 1961 739 2011 hujusmodi
753 1961 951 2011 figmentis
967 1969 1005 1999 et
1020 1961 1242 1999 mendaciis
1258 1959 1506 1999 dulcioribus

158 2035 466 2077 corrumpuntur
482 2026 642 2076 ingenia
658 2040 883 2076 puerorum,
902 2034 940 2064 et
957 2026 1084 2065 isdem
1102 2026 1248 2064 fabulis
1270 2025 1506 2064 inhaerenti-

159 2092 234 2130 bus
251 2093 434 2142 adusque
455 2105 636 2131 summae
663 2093 804 2130 aetatis
835 2093 956 2130 robur
976 2093 1225 2138 adolescunt,
1250 2099 1289 2130 et
1314 2092 1352 2129 in
1377 2091 1504 2130 isdem

158 2156 419 2206 opinionibus
441 2157 572 2196 miseri
594 2164 903 2204 consenescunt,
935 2170 1026 2194 cum
1048 2157 1097 2194 sit
1118 2157 1258 2195 veritas
1280 2156 1410 2202 obvia,
1433 2157 1505 2194 sed

158 2222 465 2271 requirentibus.

213 2289 341 2325 XXV.
365 2290 417 2326 At
434 2295 567 2326 tamen
585 2288 659 2326 ista
675 2288 760 2338 ipsa
780 2287 1007 2338 superstitio
1024 2287 1217 2325 Romanis
1238 2287 1359 2332 dedit,
1377 2285 1502 2332 auxit,

161 2354 343 2391 fundavit
362 2353 587 2403 imperium,
609 2367 700 2392 cum
722 2366 803 2391 non
831 2361 912 2391 tam
943 2353 1084 2391 virtute
1114 2365 1233 2402 quam
1255 2351 1444 2400 religione
1465 2358 1504 2391 et
