1619 2596
177 84 240 128 34
715 83 979 116 OCTAVIUS.

172 193 352 241 obruere,
363 193 566 243 hodieque
581 194 633 232 ab
647 193 741 244 ipsis
757 195 1116 246 LatiarisJuppiter
1129 196 1350 235 homicidio
1362 196 1516 242 colitur,

170 266 208 297 et
229 259 342 308 quod
368 258 523 297 Saturni
542 259 622 297 filio
643 258 806 309 dignum
837 268 908 306 est,
933 261 1025 299 mali
1042 269 1080 299 et
1111 261 1218 299 noxii
1239 262 1415 300 hominis
1431 274 1518 300 san-

169 323 290 374 guine
306 324 516 374 saginatur.
541 324 600 374 (5)
619 325 757 373 Ipsum
786 326 907 363 credo
928 326 1114 368 docuisse
1135 325 1337 375 sanguinis
1358 327 1518 365 foedere

171 391 380 438 conjurare
419 390 648 436 Catilinam,
680 398 718 428 et
758 391 968 428 Bellonam
1005 403 1160 429 sacrum
1209 404 1324 429 suum
1373 391 1516 429 haustu

173 454 337 492 humani
371 455 520 493 cruoris
554 455 744 502 imbuere,
778 463 816 493 et
847 454 1090 494 comitialem
1123 456 1308 494 morbum
1343 455 1518 494 hominis
1555 496 1559 500 ,

171 519 376 569 sanguine,
399 520 440 559 id
461 528 521 558 est
543 520 683 559 morbo
712 520 890 569 graviore
910 533 1059 560 sanare.
1093 522 1153 569 (6)
1184 522 1277 559 Non
1302 520 1517 559 dissimiles

171 593 210 623 et
229 585 297 635 qui
318 587 369 624 de
389 587 535 624 harena
558 586 656 624 feras
676 587 869 624 devorant
889 586 1021 624 inlitas
1041 594 1080 625 et
1101 586 1266 624 infectas
1286 599 1426 625 eruore
1457 588 1518 624 vel

171 651 362 689 membris
383 650 559 688 hominis
590 658 628 689 et
657 650 807 689 viscere
842 651 1051 700 saginatas.
1086 651 1215 689 Nobis
1249 651 1517 691 homicidium

172 728 249 753 nec
269 715 402 754 videre
424 717 479 754 fas
501 729 574 754 nec
595 716 743 762 audire,
766 723 1002 765 tantumque
1031 717 1083 754 ab
1118 718 1297 755 humano
1326 718 1518 766 sanguine

172 799 374 834 cavemus,
415 794 457 824 ut
497 799 570 824 nec
609 786 787 825 edulium
827 799 1016 836 pecorum
1058 787 1097 824 in
1138 786 1237 825 cibis
1280 786 1517 837 sanguinem

173 852 410 891 noverimus.

225 919 378 956 XXXI.
403 918 454 955 Et
485 918 535 955 de
570 917 725 954 incesto
745 916 929 955 convivio
964 918 1139 955 fabulam
1174 917 1365 967 grandem
1386 918 1520 956 adver-

172 996 261 1021 sum
283 995 355 1020 nos
389 984 634 1021 daemonum
655 982 779 1020 coitio
814 982 980 1020 mentita
1001 989 1073 1028 est,
1106 990 1148 1020 ut
1181 981 1346 1032 gloriam
1368 982 1520 1032 pudici—

173 1049 250 1087 tiae
297 1049 487 1087 deformis
543 1047 732 1085 infamiae
779 1048 1004 1097 aspersione
1052 1049 1278 1095 macularet,
1329 1056 1371 1086 ut
1427 1055 1520 1086 ante

170 1115 416 1164 exploratam
455 1113 660 1151 veritatem
700 1112 885 1151 homines
920 1126 942 1150 a
980 1113 1098 1150 nobis
1141 1121 1290 1152 terrore
1328 1113 1518 1152 infandae

171 1179 372 1229 opinionis
405 1186 610 1217 averteret.
647 1177 706 1228 (2)
728 1177 792 1216 Sic
812 1179 863 1216 de
884 1178 960 1216 isto
993 1186 1032 1215 et
1060 1186 1151 1216 tuus
1186 1179 1338 1216 Fronto
1372 1192 1452 1217 non
1475 1186 1517 1216 ut

168 1245 400 1283 adfirmator
438 1243 711 1282 testimonium
756 1243 862 1290 fecit,
902 1244 973 1281 sed
1020 1243 1246 1282 convicium
1296 1253 1337 1282 ut
1385 1252 1517 1282 orator

170 1310 389 1361 adspersit:
419 1311 518 1348 haec
538 1309 644 1348 enim
666 1309 799 1359 potius
819 1310 870 1348 de
890 1310 1029 1348 vestris
1050 1310 1235 1359 gentibus
1257 1318 1349 1348 nata
1369 1319 1511 1348 sunt...

172 1377 229 1425 (3)
253 1375 459 1425 Aegyptiis
491 1384 529 1413 et
560 1375 730 1413 Athenis
760 1388 851 1412 curn
888 1375 1088 1414 sororibus
1120 1375 1296 1425 legitima
1329 1375 1516 1420 conubia,

172 1440 386 1478 memoriae
407 1447 446 1478 et
466 1439 694 1490 tragoediae
714 1447 865 1478 vestrae
887 1439 1047 1478 incestis
1076 1439 1304 1489 gloriantur,
1328 1453 1426 1490 quas
1447 1453 1517 1478 vos

170 1506 338 1544 libenter
357 1513 396 1543 et
415 1505 546 1555 legitis
567 1513 605 1544 et
626 1504 792 1552 auditis;
812 1505 867 1543 sic
888 1512 926 1543 et
947 1506 1044 1543 deos
1065 1506 1195 1544 colitis
1217 1506 1404 1551 incestos,
1425 1519 1516 1544 cum

173 1578 310 1615 matre,
345 1583 436 1608 cum
459 1569 550 1616 filia,
582 1583 672 1607 cum
708 1582 841 1608 sorore
866 1570 1103 1618 conjunctos
1150 1569 1210 1620 (4)
1234 1570 1381 1608 Merito
1403 1569 1519 1619 igitur

170 1635 370 1672 incestum
385 1648 507 1684 penes
522 1647 590 1672 vos
605 1648 725 1684 saepe
739 1634 1059 1684 deprehenditur,
1071 1648 1229 1685 semper
1243 1634 1514 1672 admittitur...

226 1700 285 1750 (5)
308 1702 360 1737 At
382 1713 454 1738 nos
489 1701 683 1750 pudorem
717 1713 799 1738 non
831 1699 940 1745 facie,
970 1701 1041 1738 sed
1077 1709 1212 1738 mente
1247 1708 1519 1750 praestamus:

172 1766 288 1803 nnius
324 1765 568 1803 matrimonii
604 1766 764 1803 vinculo
794 1765 965 1802 libenter
994 1765 1298 1803 inhaeremus...
1326 1764 1520 1804 Convivia

171 1844 252 1868 non
275 1838 426 1868 tantum
450 1831 597 1880 pudica
623 1830 805 1876 colimus,
828 1831 899 1868 sed
921 1838 958 1868 et
979 1830 1136 1868 sobria:
1167 1843 1242 1868 nec
1263 1830 1370 1868 enim
1392 1830 1519 1868 indul-

170 1910 310 1946 gemus
343 1896 471 1946 epulis
491 1904 560 1933 aut
594 1895 819 1934 convivium
855 1909 965 1934 mero
993 1896 1189 1942 ducimus,
1227 1896 1297 1934 sed
1330 1896 1519 1946 gravitate

166 1963 410 2000 hilaritatem
444 1970 740 2012 temperamus:
775 1970 887 2000 casto
917 1976 1112 2008 sermone,
1146 1976 1312 2012 corpore
1351 1961 1519 2000 castiore

168 2027 347 2076 plerique
386 2025 564 2064 inviolati
603 2026 781 2077 corporis
829 2026 1050 2077 virginitate
1098 2035 1290 2078 perpetua
1337 2028 1520 2064 fruuntur

170 2091 304 2142 potius
351 2105 471 2141 quarn
509 2091 759 2142 gloriantur:
807 2099 962 2130 tantum
1001 2092 1176 2142 denique
1214 2092 1329 2130 abest
1376 2091 1517 2130 incesti

169 2157 333 2208 cupido,
356 2164 398 2194 ut
420 2157 622 2195 nonnullis
644 2157 776 2196 rubori
798 2157 847 2195 sit
867 2158 987 2196 etiarn
1010 2157 1158 2207 pudica
1178 2157 1424 2207 conjunctio.

226 2223 287 2272 (6)
311 2223 399 2260 Nec
428 2223 478 2261 de
509 2223 647 2260 ultima
673 2222 806 2260 statim
838 2222 955 2272 plebe
984 2221 1251 2268 consistimus,
1283 2221 1315 2259 si
1344 2222 1516 2260 honores

169 2295 320 2326 vestros
341 2295 379 2325 et
400 2300 590 2338 purpuras
612 2301 860 2334 recusamus3
879 2300 954 2326 nec
975 2286 1128 2326 factiosi
1150 2299 1300 2333 sumus,
1323 2285 1354 2324 si
1374 2298 1517 2324 omnes

167 2367 295 2392 unum
316 2353 469 2392 bonum
485 2353 661 2403 sapimus
682 2355 825 2392 eadem
847 2353 1074 2404 congregati
1095 2353 1228 2403 quiete
1247 2365 1326 2402 qua
1345 2350 1488 2402 singuli
1507 2365 1518 2399 ,-
