1619 2596
123 79 216 123 180
588 90 982 122 COMMENTAIRE.

113 205 279 236 intonsum
299 209 398 244 caput
417 209 448 234 et
471 204 754 245 neglegentiorem
775 204 912 234 barbam
941 212 971 234 et
999 203 1159 234 indictum
1183 207 1320 243 argento
1343 201 1455 232 odium

113 260 144 285 et
169 254 278 284 cubile
305 253 397 283 humi
424 253 568 294 positum
585 253 683 283 evita.
703 269 741 273 —-
762 252 846 284 Non
871 250 1069 293 eloquimur
1096 260 1244 292 magna,
1272 249 1339 283 sed
1365 248 1457 282 vivi-

112 311 203 334 mus.
238 301 345 332 L'acc.
379 312 409 332 n.
441 302 524 343 plur.
546 312 667 341 magna
695 312 730 332 se
759 308 913 343 rapporte
937 313 1001 332 aux
1027 301 1114 331 deux
1141 300 1255 331 verbes
1281 311 1288 330 :
1317 298 1395 331 c’est
1413 309 1455 330 un

110 351 334 392 complement
352 350 490 387 interne,
508 350 712 382 c’est-a-‹lire
725 349 804 391 qu'il
823 352 973 392 exprime
991 349 1088 381 l⁷idee
1105 349 1179 390 de'ja
1196 354 1360 380 contenue
1374 348 1458 379 dans

114 401 144 431 le
162 400 276 437 verbe;
294 400 324 430 la
338 406 494 430 tournure
509 399 676 440 complete
694 400 790 430 serait
808 412 814 430 :
828 411 892 430 mm
905 401 1092 440 eloquimur
1107 409 1264 439 magnum
1277 398 1453 438 cloquium,

112 450 169 480 scd
190 449 339 479 vivimus
369 459 525 489 magnam
559 450 665 478 vz'tam
700 448 753 486 (cf.
784 450 889 479 vitam
922 450 1077 479 miseram
1108 448 1250 487 vivere)
1289 447 1453 483 Granum,

111 500 128 536 ξ
150 507 210 529 100
225 508 254 534 a,
275 508 356 528 rem.
381 495 504 528 Pensee
527 497 679 534 sublime,
701 497 749 528 dit
767 497 828 528 fort
846 497 921 528 bien
941 497 1106 533 Leonam,
1126 503 1156 527 ct
1174 495 1365 537 expression
1381 494 1455 536 ega-

112 549 238 578 lernent
254 547 341 577 belle
358 551 390 577 et
408 546 504 583 forte,
525 556 589 587 que
606 546 750 587 Cyprien
775 557 793 576 a
818 546 1021 586 reproduite.
1042 546 1093 576 De
1109 546 1186 576 bono
1195 545 1390 585 patientiae,
1411 552 1428 584 3
1449 556 1455 574 ε

112 597 182 627 [Vos
204 601 326 633 aulem,
341 596 476 637 fratres
499 596 717 632 dz'leclz'ssitm',
745 597 808 636 (sui
822 596 1014 636 philosophi
1036 606 1102 625 non
1133 595 1253 631 verbis,
1286 593 1458 634 sedsaclis

110 656 239 682 smnus,
259 656 314 676 nec
337 646 458 676 vestitu
483 645 696 686 sapientiam,
716 645 774 675 sed
792 647 931 675 vcrilalc
949 646 1187 686 ffl‘aejscrinms,
1206 644 1269 684 qui
1289 644 1456 674 virlutum

110 696 340 726 conscientiam
360 695 466 733 magis
483 704 586 734 quam
599 693 800 732 jactantiam
818 695 1125 735 now'mus,qm'non
1140 694 1312 734 loquinmr
1323 702 1455 732 magna,

110 745 168 775 sed
189 745 379 774 vivimus...
413 743 506 784 «qui
531 742 655 773 saisons
680 743 839 774 consister
868 744 898 773 la
922 744 1100 783 grandem,
1119 753 1185 773 non
1213 753 1270 782 pas
1296 742 1379 772 dans
1401 741 1459 772 des

112 793 272 825 maximes
298 803 512 834 pompeuses,
541 791 624 823 mais
644 791 728 823 dans
755 793 787 822 la
810 792 949 823 sainte-te
967 793 1007 823 de
1024 793 1055 822 la
1072 792 1122 822 vie
1140 799 1168 822 >›.
1191 791 1304 828 (Trad.
1325 791 1366 821 de
1384 790 1459 830 Mgr

115 843 284 884 Freppel).
307 843 512 882 Remarquez
529 840 736 881 l'asyndeton
753 841 771 872 ἐι
788 841 868 872 trois
886 842 1051 872 membres
1067 853 1075 878 ;
1099 841 1139 871 cf.
1159 841 1209 879 36,
1230 847 1258 879 7.

155 939 190 974 7.
212 937 308 980 Quid
331 937 439 970 nobis
463 936 677 970 invidemus.
702 939 810 978 Lacr„
830 941 913 970 lust.
934 941 1016 976 α’ίῑκ,
1036 948 1065 979 3,
1083 947 1134 979 30,
1153 947 1180 977 7,
1199 937 1389 979 developpe
1413 938 1459 968 les

114 989 205 1020 idees
221 989 262 1020 de
279 999 315 1019 ce
334 988 540 1029 paragraphe
551 988 637 1018 :Vox
655 999 731 1019 ecce
742 989 783 1020 de
794 990 887 1020 caelo
898 989 1070 1019 veritatem
1088 988 1212 1019 docens
1228 995 1261 1019 et
1278 987 1373 1018 nobis
1389 987 1458 1017 sole

113 1038 186 1079 ipso
211 1038 331 1069 clarius
359 1038 470 1068 lumen
497 1037 683 1068 ostendens.
709 1038 802 1076 Quid
825 1038 916 1068 nobis
942 1038 1059 1078 iniqui
1079 1049 1195 1068 sumus
1211 1042 1243 1068 et
1258 1037 1455 1077 sapientiam

111 1088 273 1128 πίει-φανῶ
289 1094 492 1123 cunctamur,
512 1097 613 1127 quam
631 1087 721 1117 docti
737 1087 889 1118 homines
905 1087 1057 1118 contritis
1081 1087 1114 1117 in
1130 1086 1320 1128 quaerendo
1343 1085 1456 1117 aetati-

112 1135 174 1166 bus
190 1135 256 1166 suis
273 1146 452 1176 numquam
471 1135 613 1176 reperire
631 1137 836 1176 potuerunt?
852 1135 918 1176 Qui
936 1136 1006 1166 vult
1033 1136 1165 1176 sapiens
1186 1146 1224 1166 ac
1241 1135 1356 1166 beatus
1372 1145 1453 1171 esse,

111 1183 227 1214 audiat
248 1184 310 1214 Dei
326 1194 454 1219 vocem,
473 1184 577 1214 discat
591 1184 768 1225 justitiam,
788 1193 1033 1215 sacramentum
1050 1184 1237 1215 nativitatis
1253 1194 1331 1215 suae
1355 1183 1454 1220 norit,

113 1232 262 1263 humana
279 1238 482 1269 contemnat,
502 1233 614 1263 divina
631 1233 800 1274 suscipiat,
820 1240 856 1264 ut
873 1243 1037 1264 summum
1054 1233 1137 1264 illud
1155 1235 1288 1270 bonum,
1308 1233 1351 1263 ad
1366 1232 1457 1273 quod

112 1286 210 1313 natus
227 1288 286 1319 est,
307 1282 409 1323 possit
427 1282 577 1323 adipisci.
598 1300 637 1304 —
655 1280 806 1313 Veritas
833 1280 1047 1320 divinitatis,
1073 1281 1194 1323 ge'nitif
1215 1281 1355 1323 objectis
1372 1293 1457 1313 rem-

114 1332 247 1372 placant
263 1332 299 1362 de
315 1339 347 1362 et
364 1330 455 1362 vahl.
477 1339 494 1363 «
512 1332 545 1362 la
562 1330 665 1362 ve‘rite
682 1342 735 1362 sur
754 1332 841 1362 Dieu
859 1339 886 1363 >>.
908 1349 945 1352 -
965 1330 1096 1363 Nostri
1118 1330 1295 1373 temporis
1317 1332 1453 1368 aetate,

111 1378 186 1421 gen.
208 1380 379 1422 explicatis
402 1388 419 1412 «
437 1379 591 1421 l⁷ep0que
617 1380 901 1422 contemporaine,
929 1381 1070 1412 actuelle
1089 1389 1105 1412 »
1133 1380 1187 1418 (cf.
1216 1390 1246 1418 4,
1276 1382 1320 1420 5),
1349 1385 1457 1411 nostro

112 1434 259 1470 tempore.
280 1447 319 1451 -
340 1427 521 1461 Maturuit
540 1437 557 1461 <(
575 1431 701 1461 arriver
717 1429 735 1460 a
753 1440 788 1460 sa
804 1429 960 1461 maturite
978 1438 995 1461 »
1013 1429 1108 1471 apres
1125 1441 1189 1461 une
1207 1430 1327 1470 longue
1344 1429 1457 1461 elabo-

112 1479 235 1509 ration.
256 1478 307 1509 Cf.
329 1478 415 1516 Cic.‚
438 1479 554 1516 Catil„
579 1487 604 1517 1,
626 1488 663 1519 31
687 1491 694 1509 ε
721 1479 844 1510 Veteris
858 1479 996 1520 suroris
1012 1480 1192 1510 maturitas
1209 1480 1245 1509 in
1263 1480 1454 1510 noi-tricon-

112 1528 244 1558 sulalus
270 1533 396 1568 lempus
421 1529 542 1568 erupit.
559 1546 599 1550 —
628 1527 734 1560 Bono
760 1529 889 1560 nostro
917 1536 935 1560 <(
953 1529 983 1559 la
1000 1529 1111 1559 bonne
1138 1528 1267 1559 fortune
1291 1528 1346 1569 qui
1371 1538 1455 1559 nous

111 1576 220 1607 arrive
239 1586 266 1607 >>.
286 1596 323 1600 -
347 1575 493 1617 Regula
509 1575 599 1608 recti
616 1584 633 1609 «
651 1576 783 1618 reglons
799 1584 894 1608 notre
911 1577 1047 1618 opinion
1065 1588 1118 1608 sur
1136 1578 1166 1607 la
1183 1577 1293 1607 raison
1312 1586 1341 1613 »,
1361 1576 1454 1608 c’est-

110 1626 217 1658 a-dire
243 1633 360 1658 tenons
385 1628 415 1658 le
440 1627 527 1668 juste
553 1627 665 1658 milieu
691 1633 783 1658 entre
809 1629 841 1658 la
865 1627 1081 1668 superstition
1097 1626 1229 1658 credule
1247 1634 1277 1658 et
1295 1626 1456 1668 l‘impiete

110 1675 290 1707 incredule.
311 1676 362 1707 Cf.
387 1676 435 1714 16,
456 1677 476 1707 6
497 1689 504 1707 ε
522 1678 603 1707 recti
624 1678 748 1717 regula.
771 1677 857 1715 Cic.‚
876 1677 991 1715 Brut.‚
1011 1684 1069 1717 152
1089 1689 1096 1707 z
1116 1677 1275 1717 regulam,
1295 1687 1362 1717 qua
1377 1687 1456 1707 vera

109 1726 240 1766 etsalsa
247 1726 367 1766 judica
373 1736 404 1756 re
408 1736 429 1755 n
433 1730 470 1755 lu
476 1737 501 1757 r.

156 1774 323 1805 Peut-etre
342 1774 450 1805 faut-il
479 1774 656 1806 maintenir
673 1776 703 1806 le
719 1780 808 1806 texte
825 1775 868 1806 du
886 1786 963 1812 ms.‚
987 1775 1042 1816 qui
1061 1774 1114 1805 n’a
1132 1786 1190 1816 pas
1207 1776 1235 1807 le
1253 1782 1322 1806 mot
1340 1775 1454 1815 regula

111 1822 236 1864 (ajoute
264 1834 321 1864 par
355 1824 546 1862 Dombart).
583 1825 675 1855 Dans
701 1825 730 1855 16
758 1835 896 1866 passage
924 1823 1046 1865 inspire
1075 1835 1134 1865 par
1165 1836 1202 1856 ce
1235 1825 1451 1866 paragraphe,

111 1875 144 1902 S.
167 1872 312 1914 Cyprien
331 1871 405 1912 (Dc
430 1873 508 1903 bono
527 1874 722 1914 patientiae,
744 1882 773 1914 3,
794 1873 982 1912 ci-dessus)‚
1001 1873 1049 1904 dit
1077 1873 1159 1904 dans
1181 1874 1210 1904 le
1228 1871 1336 1904 meme
1352 1883 1427 1904 sens
1448 1885 1454 1902 z

109 1923 172 1962 qui
186 1923 352 1952 virtulum
381 1923 614 1953 conscientiam
643 1923 749 1963 magis
764 1934 864 1963 quam
877 1923 1077 1962 jactantiam
1097 1923 1251 1953 uow'mus
1264 1932 1278 1959 ;
1295 1933 1337 1953 en
1362 1922 1453 1958 effet,

109 1972 272 2002 sententia
301 1974 367 2012 (32,
397 1973 429 2008 2)
456 1970 613 2010 equivaut
642 1971 660 2003 a
685 1973 892 2009 commentia,
922 1982 1013 2002 meus
1035 1982 1045 2001 .·
1073 1979 1090 2002 <(
1105 1971 1270 2012 jouissons
1293 1971 1335 2002 de
1360 1978 1455 2002 notre

110 2020 221 2051 bonne
239 2020 370 2051 fortune
392 2026 424 2051 et
451 2032 515 2061 que
542 2028 637 2052 notre
662 2020 852 2052 conviction
876 2020 995 2051 intime
1012 2021 1055 2052 du
1079 2021 1157 2051 bien
1173 2021 1274 2060 garde
1290 2031 1354 2052 une
1367 2021 1454 2061 juste

109 2080 238 2101 mesure
256 2078 272 2101 »
291 2069 496 2101 c'est-a-dire
513 2070 576 2101 soit
591 2077 749 2111 exempte
765 2070 807 2102 de
820 2071 983 2112 jactance.

153 2117 379 2151 Cohibeatur
404 2118 618 2160 superstitio
636 2128 653 2151 «
672 2118 830 2160 reprimer
848 2128 878 2151 ».
898 2134 935 2138 -
954 2118 1130 2160 Impietas
1157 2117 1339 2160 expietur,
1360 2131 1453 2161 paro-

109 2179 246 2199 nomase
270 2176 302 2199 et
325 2169 381 2210 jeu
399 2169 439 2199 de
457 2176 544 2199 mots
564 2181 570 2199 ε
591 2176 607 2200 <<
624 2180 688 2210 que
705 2168 866 2210 l'impiete
883 2168 946 2200 soit
963 2169 1150 2199 confondue
1168 2176 1198 2205 >>,
1219 2168 1452 2200 litteralement

110 2225 126 2248 «
147 2217 281 2258 purifiee
300 2227 328 2249 ».
347 2235 384 2239 —-
401 2217 503 2249 Vera
518 2216 651 2259 religio
666 2219 886 2254 reservetur,
906 2218 1005 2249 verbe
1022 2217 1177 2259 compose'
1195 2229 1216 2259 p
1233 2229 1277 2248 ·ur
1292 2223 1449 2256 semema,

108 2272 315 2298 conservetur
331 2274 347 2298 (ζ
365 2267 428 2297 soit
453 2267 643 2302 conservee.
663 2268 820 2298 demente
845 2268 970 2298 intaete
989 2275 1017 2299 ».
1037 2268 1118 2308 Voy.
1141 2275 1192 2307 34,
1217 2275 1257 2298 10
1283 2276 1315 2298 et
1334 2267 1450 2301 Lucr..

111 2323 140 2356 5,
161 2316 224 2356 856
243 2328 249 2346 :
269 2328 346 2347 rem
358 2328 449 2347 fram.
474 2317 679 2358 Remarquez
695 2317 727 2348 16
744 2317 903 2354 chiasme,
919 2315 1075 2348 continue
1093 2327 1149 2358 par
1168 2318 1196 2347 16
1214 2316 1450 2358 parallelisme;

110 2364 151 2396 cf.
173 2372 202 2404 5,
228 2373 275 2405 13.
