1619 2596
563 77 819 109 CHAPITRE
856 77 961 107 XIX.
1348 75 1360 104 1
1383 74 1395 103 l
1417 75 1429 103 l

93 189 188 221 sortir
205 188 342 220 d'abord
358 189 405 220 les
420 193 535 231 quatre
552 186 711 219 elements
725 186 936 227 (elementa),
953 188 983 217 le
1000 186 1063 223 feu,
1080 186 1174 223 l'eau,
1195 185 1276 222 l⁷air,
1292 186 1323 215 la
1340 189 1436 221 terre,

96 238 168 280 puis
185 238 242 269 ila
257 237 360 270 forme
388 239 435 270 les
458 237 542 269 etres
567 236 770 278 particuliers
795 247 835 267 en
863 235 1020 267 veritable
1045 235 1166 266 artiste.
1187 234 1377 266 Architecte
1393 233 1437 264 du

93 288 225 325 monde,
245 287 267 318 il
283 297 440 318 conserve
455 291 527 317 tout
542 298 548 316 :
567 285 588 316 il
608 290 657 316 est
674 286 703 316 16
720 284 796 326 pere
813 291 845 315 et
863 286 893 315 la
910 284 1108 326 providence
1123 283 1165 315 de
1186 288 1260 314 tous
1276 283 1322 313 les
1339 281 1433 313 etres.

93 354 134 359 —
165 335 214 367 Et
240 333 310 377 ipsi
334 343 431 368 «eux
458 334 544 366 aussi
562 342 598 371 »3
624 334 662 365 cf.
696 342 722 371 1,
752 342 781 374 3.
803 352 844 356 —
869 332 965 366 Sunt
991 331 1229 364 multiformes
1255 339 1272 363 «
1290 331 1438 362 donnent

94 385 252 427 plusieurs
276 384 396 416 formes
421 383 440 415 ὲ.
464 384 550 414 leurs
574 383 727 424 opinions
753 390 780 413 >).
808 401 847 405 -
884 381 942 414 Ad
968 380 1145 414 unitatem
1172 377 1435 422 providentiae,

93 433 131 465 cf.
157 433 207 472 18,
226 441 256 474 5.
276 452 318 457 —
347 431 597 464 Revolvuntur
621 439 696 463 «en
723 431 913 462 reviennent
939 430 957 461 ἐι
975 439 1002 463 >>.
1024 449 1064 454 -
1095 429 1310 471 Plerumque
1339 436 1356 461 ‹<
1374 427 1440 460 tres

92 487 230 513 souvent
255 481 353 519 ›>;cf.
388 490 436 520 14,
465 489 494 521 3.
521 499 558 502 —
592 479 710 511 Deum
735 478 842 520 (esse)
869 477 1026 511 disserit.
1058 479 1105 510 Le
1133 490 1191 509 ms.
1220 489 1239 509 a
1267 479 1296 509 16
1321 477 1439 519 parfait

92 532 249 562 disseruit
265 536 296 561 et
313 531 343 561 le
359 530 579 570 changement
596 529 636 559 de
654 534 760 569 temps
777 539 818 559 ne
835 528 1026 570 choquerai‘t
1042 527 1141 569 gnere
1160 527 1211 564 (cf.
1229 536 1280 566 24,
1299 534 1315 567 5
1332 538 1338 557 ε
1357 537 1437 557 acce-

88 581 178 621 pit);
203 579 285 611 mais
316 581 346 610 la
377 577 537 619 metrique
557 578 650 618 exige
675 578 808 608 disserit
835 578 933 615 (deux
960 576 1121 618 cretiques
1144 579 1251 608 -ὐ-
1273 576 1276 616 Ι
1299 576 1434 613 -’-υ-).

92 628 232 661 Οἰοόῐοῐι
248 628 297 659 dit
314 629 343 666 (ξ
361 628 414 668 37)
431 639 438 658 z
459 627 631 657 Cleanthes
652 631 803 657 autem...
824 631 895 656 tum
914 628 1022 667 {fisum
1048 627 1211 657 mundum
1238 627 1333 656 deum
1358 625 1439 655 dicit

94 688 166 715 esse,
186 683 266 708 tunc
281 678 382 707 totius
397 680 540 707 naturae
568 677 673 706 menti
695 680 792 715 alque
809 677 921 706 animo
941 676 1063 705 tribuit
1086 676 1141 706 lzoz·
1168 686 1295 712 nomen,
1322 680 1433 705 tum...

93 727 240 757 ardorem
264 727 327 766 qui
347 725 460 756 aether
481 725 683 761 nominetur,
710 725 930 755 certissimum
951 725 1045 755 deum
1060 725 1197 764 judicat
1207 735 1221 761 7¹:
1245 725 1434 764 idemque...

94 776 187 807 nihil
201 776 327 806 ratione
343 778 445 805 censet
460 784 523 804 esse
539 774 702 804 divinius.

140 822 314 865 Ejusdem
329 828 378 854 est
402 822 463 853 mis
480 833 561 863 pour
576 824 656 864 ejus.
679 841 719 846 —-
735 822 857 864 Atque
874 819 1043 862 divinam,
1072 823 1102 852 la
1127 822 1171 853 loi
1199 822 1369 858 naturelle,
1393 821 1437 851 loi

95 873 272 910 inflexible‚
299 872 355 914 qui
383 877 432 903 est
463 870 675 912 l’expression
701 873 741 903 de
774 873 804 902 la
837 870 956 913 pensee
981 871 1091 902 divine
1116 869 1230 908 (veens
1257 870 1434 911 naturae)

94 921 245 959 Cicerom
264 923 281 960 ἓ
299 921 351 962 36,
378 921 446 952 dit:
473 921 558 951 Zeno
576 926 684 952 autem
712 922 902 952 naturalem
922 921 1018 959 legem
1039 921 1191 951 divinam
1210 931 1273 951 esse
1293 924 1434 951 censet...

93 973 204 1012 Atque
219 971 272 1002 hic
287 971 370 1001 idem
388 970 454 1001 alio
473 971 535 1001 loco
554 971 685 1001 aethera
705 971 798 1001 deum
820 981 882 1000 esse
897 970 1014 999 dicit...
1059 970 1139 1000 aliis
1154 974 1264 1000 autem
1282 970 1319 999 in
1343 969 1440 999 libris

93 1021 254 1051 rationem
264 1020 442 1061 quamdam
450 1027 513 1062 per
526 1031 652 1050 omnem
666 1025 824 1050 naturam
838 1030 951 1049 rerum
962 1020 1182 1059 pertinentem
1194 1019 1359 1049 vidivz'na
1374 1029 1438 1049 esse

92 1070 249 1112 adjectam
260 1074 370 1110 putat.
392 1088 432 1093 -
448 1068 629 1111 Junonem
644 1077 741 1107 aera,
763 1075 822 1099 etc.
847 1068 904 1105 Ici‚
926 1068 972 1098 M.
991 1068 1026 1098 F.
1048 1067 1174 1098 resume
1191 1078 1235 1098 un
1251 1074 1342 1098 autre
1367 1078 1438 1108 pas—

92 1129 167 1160 sage
191 1119 235 1149 du
259 1119 311 1149 De
328 1123 395 1149 nat.
419 1119 464 1154 αἱ,
491 1127 521 1156 2,
540 1119 649 1158 63-79.
679 1136 714 1140 ——
732 1115 1022 1158 Interpretando.
1043 1116 1128 1154 Cic.,
1148 1117 1199 1147 De
1222 1117 1289 1157 off,
1314 1125 1339 1153 1,
1363 1124 1435 1154 142,

91 1167 249 1200 construit
276 1167 317 1198 de
343 1167 472 1199 meme:
499 1163 668 1204 εὐταξίαν,
689 1178 789 1207 quam
814 1168 1079 1207 interpretamur
1095 1167 1292 1196 modestiam.
1314 1184 1354 1188 —
1373 1165 1439 1197 Les

92 1217 255 1250 Sto'l‘ciens
270 1216 410 1248 disaient
425 1227 489 1258 que
508 1217 593 1247 Dieu
611 1216 712 1257 recoit
729 1216 836 1247 divers
853 1226 948 1246 nOmS
965 1215 1094 1245 suivant
1112 1216 1142 1245 la
1159 1213 1312 1246 diversite
1329 1215 1370 1245 de
1387 1225 1437 1246 ses

94 1266 281 1308 puissances
297 1271 329 1297 et
348 1265 389 1297 de
405 1276 456 1297 ses
472 1264 659 1307 ope'rations
675 1278 681 1295 :
707 1265 745 1296 ils
770 1264 995 1306 expliquaient
1019 1265 1065 1295 les
1082 1262 1235 1295 divinites
1251 1263 1440 1305 populaires

91 1326 219 1347 comme
244 1315 290 1346 les
318 1314 621 1356 personnifications
648 1314 706 1345 des
729 1313 888 1345 ele'ments
906 1312 1116 1353 (elementa),
1145 1313 1225 1350 I'air,
1252 1314 1281 1344 le
1307 1313 1379 1351 ciel,
1405 1314 1437 1343 la

93 1375 171 1402 mer,
198 1365 229 1394 16
253 1364 316 1401 feu,
344 1369 376 1394 et
392 1364 450 1394 des
469 1362 693 1405 phe'nomenes
711 1364 853 1394 naturels
869 1375 874 1393 :
894 1364 980 1394 leurs
996 1373 1091 1393 rioms
1114 1368 1188 1393 sont
1205 1363 1252 1393 les
1268 1373 1363 1393 noms
1390 1362 1432 1393 de

92 1424 145 1445 ces
169 1411 337 1444 elements.
355 1430 397 1435 ——
416 1410 602 1444 Publicum
629 1420 818 1444 errorem«
837 1411 968 1443 l'erreur
985 1411 1154 1453 populaire
1173 1419 1189 1442 »
1208 1410 1399 1451 (vulgarem
1405 1410 1437 1452 ),

91 1461 148 1503 qui
164 1461 232 1492 voit
247 1471 289 1492 en
305 1472 367 1492 eux
384 1461 442 1492 des
457 1461 556 1492 dieux
574 1460 757 1492 veritablcs.

135 1559 185 1593 11.
215 1559 370 1598 Οἰεέτοη,
399 1561 416 1598 ἓ
443 1568 483 1600 39
499 1572 506 1591 ε
536 1560 785 1600 Chrysippus..
814 1560 864 1590 ait
889 1560 958 1589 vim
975 1559 1132 1590 divinam
1159 1560 1198 1590 in
1224 1559 1353 1589 ratione
1375 1568 1441 1588 esse

85 1610 241 1650 positam,
253 1614 285 1639 et
301 1610 337 1639 in
354 1610 534 1640 universae
547 1614 693 1640 naturae
704 1609 819 1639 animo
832 1613 929 1649 atque
947 1613 1064 1645 mente,
1080 1610 1256 1650 ipsumque
1272 1608 1442 1639 mundum

89 1658 188 1689 deum
214 1659 297 1689 dicit
309 1669 413 1690 esse...
433 1662 506 1689 tum
529 1658 676 1699 fatalem
700 1658 771 1688 vim
795 1662 825 1688 et
841 1658 1063 1688 necessilatem
1081 1669 1196 1689 rerum
1218 1657 1438 1695 futurarum,

91 1709 202 1748 ignem
220 1711 392 1748 praeterea
415 1711 445 1738 et
467 1718 554 1745 eum,
573 1717 669 1749 quem
697 1712 773 1738 ante
800 1707 887 1745 dixi,
918 1706 1092 1739 aethera...
1111 1707 1271 1748 Idemque
1292 1707 1443 1747 disputat

90 1757 225 1788 aethera
237 1767 302 1788 esse
311 1768 401 1795 eum,
415 1768 512 1798 quem
524 1757 800 1798 hominessovem
816 1757 1032 1798 appellarent,
1047 1757 1172 1798 quique
1187 1767 1246 1788 aer
1254 1761 1314 1798 per
1329 1757 1442 1787 maria

92 1811 257 1844 manaret,
270 1817 346 1837 eum
362 1816 427 1838 esse
442 1806 654 1847 Neptunum,
668 1810 858 1846 terramque
873 1816 938 1836 esse
953 1816 1037 1844 eam,
1052 1816 1137 1847 quae
1150 1806 1246 1838 Ceres
1259 1806 1438 1841 diceretur,

90 1855 263 1896 similique
279 1856 409 1887 ratione
419 1856 638 1897 persequitur
652 1855 811 1886 vocabula
824 1855 1032 1896 reliquorum
1045 1855 1220 1887 deorum...
1238 1856 1282 1886 In
1304 1855 1444 1886 secundo

91 1909 203 1936 autem
220 1903 348 1945 (libro)
361 1906 438 1936 vult
455 1905 591 1946 Orphei,
614 1905 762 1943 Musaei,
780 1905 922 1936 Hesiodi
937 1905 1143 1946 Homerique
1158 1905 1307 1946 fabellas
1322 1914 1440 1935 accom-

93 1954 225 1985 modare
240 1954 288 1985 ad
298 1965 346 1992 ea,
365 1964 448 1995 quae
465 1954 532 1996 ipse
543 1955 658 1995 primo
675 1954 761 1985 libro
783 1954 820 1984 de
844 1954 914 1985 deis
940 1954 1188 1986 immortalibus
1203 1955 1379 1985 dixerat...
1399 1971 1441 1975 —-

96 2002 214 2035 Deum
238 2000 368 2043 credit,
399 2013 444 2035 sc.
477 2014 548 2035 esse.
580 2004 607 2034 Il
636 2002 811 2035 considere
838 2013 972 2035 comme
996 2003 1072 2035 dieu
1093 2009 1125 2034 1⁰
1142 2011 1160 2035 4(
1177 2013 1241 2034 une
1266 2002 1442 2044 puissance

90 2051 204 2083 divine
222 2050 328 2084 donee
345 2052 387 2084 de
410 2052 522 2084 raison
541 2060 559 2085 )>
579 2054 664 2094 (voy.
689 2052 849 2084 ei-dessus
865 2057 897 2084 et
916 2051 1024 2090 Lact.,
1044 2061 1071 2091 1,
1098 2060 1128 2093 5,
1148 2052 1210 2084 28:
1231 2052 1442 2092 Chrysippus

92 2102 282 2132 naturalem
295 2102 367 2132 vim
378 2101 500 2132 divina
510 2103 639 2133 ratione
649 2102 879 2142 praeditam...
893 2102 990 2132 deum
1004 2103 1205 2142 nuncupat),
1219 2106 1255 2132 20
1265 2101 1298 2132 la
1307 2106 1440 2138 nature,

94 2155 130 2191 30
154 2150 185 2181 le
209 2149 343 2188 monde,
362 2153 396 2189 4ο
413 2151 445 2181 la
471 2149 634 2183 necessit&
658 2151 760 2182 fatale
778 2146 1007 2194 (εἱμαρμένην
1025 2148 1084 2183 καὶ
1099 2147 1284 2194 ἀνάγκην),
1309 2148 1438 2182 ε’65ῖ-ὲ-

93 2199 163 2231 dire
190 2200 378 2231 naturalem
406 2200 504 2241 legem
530 2206 627 2242 atque
651 2201 803 2231 divinam
821 2200 862 2232 de
877 2198 1001 2238 Zenon,
1021 2211 1080 2232 son
1098 2201 1225 2232 maitre.
1247 2218 1286 2223 --
1308 2197 1440 2232 Ratio-

93 2246 186 2281 nalis
202 2254 252 2281 est
269 2248 352 2281 dans
368 2250 400 2280 la
416 2250 511 2281 Rhet.
532 2251 579 2281 ad
589 2251 671 2281 Her.
693 2251 783 2288 (vers
799 2250 840 2281 86
856 2261 906 2282 av.
925 2251 1047 2291 J.-C.),
1073 2251 1146 2292 puis
1174 2250 1257 2282 dans
1284 2248 1439 2291 Seneque

93 2305 127 2330 et
155 2298 353 2339 Quintilien.
379 2298 448 2331 Cic.
479 2298 528 2331 dit
556 2301 698 2331 rationis
723 2306 854 2341 compos,
867 2301 1052 2341 praeditus.
1072 2319 1112 2323 -—
1133 2297 1439 2341 Interpretatione

95 2345 349 2389 physiologica
366 2355 382 2380 (<
400 2347 628 2388 l'explication
644 2348 806 2390 physique
820 2356 850 2382 ».
865 2349 923 2380 oui
940 2348 1112 2381 considere
1129 2351 1176 2381 les
1193 2349 1293 2381 dieux
1310 2359 1441 2380 comme
