1619 2596
146 77 213 120 40
688 76 952 110 ocTAv1US.

369 155 384 163 z

196 194 256 243 (3)
270 195 458 233 Ceterum
476 194 585 242 quod
604 193 781 242 plerique
798 204 995 242 pauperes
1017 191 1200 234 dicimur,
1216 203 1297 229 non
1319 198 1378 230 est
1396 191 1491 229 infa-

141 259 221 297 mia
255 267 401 304 nostra,
433 259 503 296 sed
533 258 677 306 gloria:
715 258 871 295 animus
901 257 1008 295 enim
1039 264 1080 294 ut
1111 257 1203 293 luxu
1239 256 1415 303 solvitur,
1436 255 1492 294 ita

141 323 363 373 frugalitate
385 323 570 360 firmatur.
589 322 647 371 (4)
667 323 716 360 Et
739 331 871 360 tamen
895 322 982 371 quis
998 328 1128 371 potest
1151 333 1301 370 pauper
1320 334 1406 359 esse
1422 322 1488 371 qui

143 401 224 427 non
245 396 345 438 eget,
368 387 435 437 qui
458 400 539 425 non
561 388 687 426 inhiat
717 387 859 433 alieno,
882 387 948 437 qui
985 388 1071 425 Deo
1101 385 1212 423 dives
1241 387 1331 424 est?
1360 387 1491 436 Magis

143 467 296 504 pauper
335 454 399 491 ille
439 462 509 501 est,
551 454 616 503 qui
660 467 750 492 cum
793 455 915 491 multa
943 454 1102 500 habeat,
1136 456 1247 504 plura
1276 452 1489 492 desiderat.

105 539 108 543 ·
144 518 203 568 (5)
229 518 372 556 Dicam
393 526 528 557 tamen
551 519 896 568 quemadmodum
920 519 1049 557 sentio
1068 534 1075 556 ε
1096 532 1217 557 nemo
1238 526 1318 556 tam
1339 529 1493 567 pauper

143 591 273 634 potest
295 597 382 622 esse
399 597 517 634 quam
542 593 658 622 natus
675 592 743 623 est.
763 586 869 622 Aves
885 583 969 622 sine
986 584 1227 633 patrimonio
1243 584 1379 621 vivunt
1395 591 1433 621 et
1450 582 1489 620 in

142 649 249 688 diem
262 656 383 699 pecua
405 657 646 700 pascuntur:
669 658 707 688 et
729 651 828 688 haec
849 649 967 687 nobis
994 657 1126 688 tamen
1149 658 1241 687 nata
1263 656 1367 695 sunt,
1389 660 1493 697 quae

143 714 289 761 omnia,
320 714 351 752 si
373 728 453 753 non
476 714 812 764 concupiscimus,
843 714 1106 764 possidemus.
1134 714 1194 762 (6)
1217 714 1342 764 Igitur
1362 721 1405 750 ut
1425 712 1492 762 qui

143 780 246 817 viam
276 779 379 826 terit,
409 793 458 818 eo
488 779 641 818 felicior
662 793 742 829 quo
772 779 895 817 levior
921 779 1084 825 incedit,
1106 779 1159 817 ita
1182 780 1334 817 beatior
1354 777 1392 815 in
1414 778 1492 816 hoc

142 845 281 882 itinere
311 844 483 892 vivendi,
507 844 573 894 qui
600 852 833 894 paupertate
863 857 904 882 se
925 845 1118 891 sublevat,
1143 857 1223 882 non
1245 844 1319 881 sub
1340 842 1494 881 divitia—

141 924 229 948 rum
251 923 371 949 onere
391 909 572 960 suspirat.
596 910 656 959 (7)
679 911 730 948 Et
750 918 886 948 tamen
907 910 1128 956 facultates,
1150 910 1180 947 si
1202 909 1318 947 utiles
1340 915 1492 958 putare-

145 988 244 1021 mus,
261 989 282 1014 a
299 977 387 1014 Deo
402 988 658 1026 posceremus
676 991 682 1013 :
704 975 843 1025 utique
859 974 1064 1025 indulgere
1078 982 1214 1024 posset
1230 974 1488 1024 aliquantum

144 1042 257 1090 cujus
288 1049 347 1078 est
378 1050 518 1079 totum.
543 1042 622 1079 Sed
657 1054 730 1079 nos
751 1049 1011 1078 contemnere
1032 1041 1230 1078 malumus
1251 1052 1348 1090 opes
1368 1051 1491 1088 quam

144 1119 219 1144 non
250 1106 466 1153 continere,
489 1105 763 1144 innocentiam
803 1105 928 1155 magis
956 1105 1153 1155 cupimus,
1183 1105 1307 1154 magis
1342 1103 1492 1154 patien-

144 1171 239 1208 tiam
268 1172 502 1220 fiagitamus,
535 1173 732 1209 malumus
762 1184 836 1209 nos
866 1171 997 1209 bonos
1026 1183 1114 1209 esse
1148 1183 1268 1219 quam
1288 1169 1488 1221 prodigos.

198 1238 257 1285 (8)
290 1239 338 1275 Et
361 1238 470 1286 quod
491 1237 668 1287 corporis
699 1238 875 1275 humana
905 1237 999 1275 vitia
1029 1236 1224 1275 sentimus
1245 1243 1283 1273 et
1303 1234 1489 1284 patimur,

145 1315 226 1340 non
261 1311 321 1340 est
356 1315 498 1352 poena,
532 1302 672 1340 militia
706 1311 776 1341 est.
812 1303 1024 1341 Fortitudo
1050 1301 1159 1340 enim
1194 1300 1490 1339 infirmitatibus

146 1367 355 1406 roboratur
379 1375 417 1406 et
437 1367 643 1406 calamitas
674 1368 832 1418 saepius
861 1367 1072 1417 disciplina
1097 1366 1252 1405 virtutis
1282 1374 1341 1404 est
1359 1380 1368 1413 3
1388 1366 1493 1404 vires

147 1433 320 1482 denique
340 1441 378 1471 et
401 1433 548 1470 mentis
570 1441 607 1470 et
628 1432 806 1483 corporis
827 1432 913 1470 sine
933 1432 1080 1470 laboris
1101 1430 1384 1470 exercitatione
1416 1437 1492 1468 tor-

149 1506 326 1547 pescunt.
350 1498 503 1536 Omnes
523 1499 628 1536 adeo
654 1497 773 1537 vestri
803 1496 873 1535 viri
905 1497 1037 1543 fortes,
1069 1509 1170 1546 quos
1191 1495 1230 1533 in
1263 1495 1490 1544 exemplum

156 1562 396 1608 medicatis,
427 1562 630 1600 aerumnis
658 1562 738 1601 suis
769 1561 907 1611 inclyti
937 1561 1164 1599 floruerunt.
1199 1558 1258 1609 (9)
1291 1560 1433 1608 Itaque
1453 1564 1492 1596 et

156 1628 261 1665 iobis
284 1629 394 1666 Deus
415 1640 490 1679 nec
506 1640 587 1666 non
605 1635 737 1677 potest
753 1627 965 1665 subvenire
980 1639 1054 1664 nec
1075 1624 1257 1675 despicit,
1280 1637 1371 1662 cum
1388 1622 1437 1661 sit
1453 1630 1494 1661 et

158 1693 326 1731 ›mnium
356 1701 486 1732 rector
511 1701 549 1731 et
578 1702 733 1731 amator
765 1705 942 1738 suorum,
975 1692 1045 1730 sed
1078 1691 1117 1728 in
1145 1689 1322 1729 adversis
1352 1701 1493 1726 unum-

160 1771 346 1807 1uemque
366 1759 544 1807 explorat
574 1766 612 1796 et
642 1758 853 1803 examinat,
885 1757 1095 1806 ingenium
1126 1756 1373 1805 singulorum
1396 1752 1494 1804 peri·

163 1822 245 1860 ulis
284 1821 466 1872 pensitat,
509 1834 636 1871 usque
682 1823 734 1861 ad
773 1830 992 1861 extremam
1036 1829 1204 1859 mortem
1245 1820 1492 1857 voluntatem

165 1887 319 1926 ⁴ominis
339 1887 572 1935 sciscitatur,
597 1888 695 1926 nihil
712 1887 788 1926 sibi
809 1900 928 1938 posse
944 1886 1070 1937 perire
1086 1898 1261 1924 securus.
1282 1885 1436 1934 Itaque,
1452 1890 1495 1921 ut

172 1966 286 1990 urum
307 1952 476 2002 ignibus,
500 1953 557 1990 sic
579 1966 651 1991 nos
673 1948 972 1991 discriminibus
992 1951 1203 2002 arguimur.

200 2018 415 2054 XXXVII.
477 2017 611 2065 Quam
671 2018 854 2068 pulcrum
906 2017 1178 2067 spectaculum
1241 2016 1342 2060 Deo,
1401 2026 1494 2052 cum

173 2082 399 2120 :hristianus
425 2096 517 2120 cum
539 2084 679 2122 dolore
709 2082 976 2132 congreditur,
1011 2094 1102 2120 cum
1133 2081 1345 2118 adversum
1368 2078 1496 2116 minas

148 2169 156 2182 .›
174 2156 185 2184 t
205 2147 401 2197 supplicia
421 2156 458 2185 et
478 2155 679 2186 tormenta
707 2147 976 2198 componitur,
1010 2159 1102 2184 cum
1124 2144 1332 2195 strepitum
1359 2143 1499 2182 mortis

175 2221 186 2250 t
225 2213 429 2250 horrorem
469 2212 668 2250 carnificis
707 2211 880 2250 inridens
917 2211 1101 2256 inculcat,
1142 2222 1234 2247 cum
1273 2207 1497 2246 libertatem

177 2290 262 2314 iarn
281 2278 473 2316 adversus
494 2290 604 2327 reges
625 2284 663 2316 et
683 2277 884 2327 principes
904 2275 1027 2326 erigit,
1052 2274 1125 2313 soli
1149 2275 1248 2318 Deo,
1276 2274 1390 2321 cujus
1424 2279 1496 2317 est,

178 2342 269 2389 edit,
298 2355 390 2380 cum
412 2343 676 2393 triumphator
696 2350 733 2380 et
764 2342 889 2380 victor
919 2340 1006 2391 ipsi,
1029 2340 1095 2389 qui
1118 2340 1328 2377 adversum
1350 2350 1392 2375 se
1413 2348 1499 2375 sen-
