1619 2596
414 72 694 106 CHAPITRES
730 71 1112 102 XXXVI-XXXVII.
1379 72 1405 112 4
1421 72 1437 101 Ι

97 191 263 231 tentiam
302 189 412 236 dixit,
453 188 635 226 insultat!
677 185 782 224 Vicit
820 185 926 223 enim
960 184 1041 234 qui,
1079 185 1189 234 quod
1223 184 1445 231 contendit,

98 255 284 295 obtinuit.
309 255 368 305 (2)
391 254 491 303 Quis
507 265 589 290 non
611 251 723 290 miles
739 251 815 289 sub
835 251 962 289 oculis
983 250 1233 300 imperatoris
1254 250 1447 289 audacius

97 320 318 371 periculum
348 319 565 369 provocet?
600 318 733 355 Nemo
763 316 870 355 enim
901 316 1122 366 praemium
1152 315 1322 366 percipit
1355 323 1447 354 ante

96 384 426 436 experimentum.
460 384 510 421 Et
534 382 751 432 imperator
784 389 917 419 tamen
950 381 1061 430 quod
1088 394 1170 419 non
1198 382 1330 428 habet,
1361 394 1447 419 non

97 450 184 487 dat:
205 462 287 486 non
307 454 438 498 potest
459 459 679 497 propagare
699 444 833 490 vitam,
856 452 989 494 potest
1014 445 1226 482 honestare
1251 443 1445 482 militiam.

99 513 158 564 (3)
174 516 226 552 At
246 513 352 552 enirn
369 512 444 550 Dei
462 511 575 549 miles
596 523 670 549 nec
692 510 731 547 in
753 511 893 548 dolore
909 509 1103 548 deseritur
1123 522 1198 547 nec
1216 516 1343 548 morte
1363 508 1446 547 fini-

98 586 170 616 tur.
194 578 258 617 Sic
279 577 531 617 Christianus
559 575 677 614 miser
697 575 822 614 videri
844 582 986 625 potest,
1010 588 1092 613 non
1113 582 1244 624 potest
1265 573 1442 612 inveniri.

97 645 180 681 Vos
193 642 268 693 ipsi
289 641 543 681 calamitosos
564 640 669 679 viros
684 641 790 679 fertis
804 641 855 678 ad
870 641 1039 685 caelum,
1063 646 1107 677 ut
1128 639 1310 677 Mucium
1332 640 1447 678 Scae-

97 709 240 754 volam,
259 708 338 758 qui,
357 720 448 745 cum
469 714 638 745 errasset
663 706 701 743 in
724 719 870 755 regem,
895 705 1059 754 perisset
1089 704 1129 742 in
1151 705 1346 751 hostibus,
1370 703 1446 742 nisi

97 775 300 812 dexteram
328 772 578 822 perdidisset.
609 771 668 820 (4)
691 772 741 808 Et
772 778 869 820 quot
900 784 947 808 ex
975 769 1132 815 nostris,
1156 783 1238 807 non
1264 771 1445 808 dextram

97 839 240 885 solum,
272 839 343 876 sed
371 844 499 875 totum
527 849 671 886 corpus
701 836 759 874 uri
803 835 968 873 cremari
999 835 1083 873 sine
1110 834 1200 873 ullis
1231 834 1446 883 ejulatibus

98 905 355 953 pertulerunt,
386 916 479 940 cum
506 902 652 940 dimitti
681 901 912 951 praesertim
938 901 1133 939 haberent
1159 900 1199 937 in
1226 914 1297 938 sua
1317 907 1446 949 potes-

99 968 205 1004 tate!
241 967 300 1016 (5)
334 966 451 1005 Viros
486 979 577 1004 cum
615 966 755 1004 Mucio
782 967 843 1004 vel
873 979 964 1004 cum
996 965 1159 1014 Aquilio
1188 972 1256 1002 aut
1287 965 1445 1015 Regulo

100 1034 322 1083 comparo?
343 1033 457 1071 Pueri
480 1041 518 1070 et
539 1032 797 1070 mulierculae
824 1040 981 1070 nostrae
1016 1045 1153 1070 cruces
1174 1039 1212 1068 et
1233 1038 1443 1076 tormenta,

100 1099 199 1137 feras
233 1107 272 1138 et
302 1112 443 1138 omnes
477 1099 765 1150 suppliciorum
801 1098 1003 1136 terriculas
1032 1098 1223 1147 inspirata
1254 1097 1446 1148 patientia

98 1163 248 1202 doloris
281 1164 481 1204 inludunt.
517 1166 575 1215 (6)
603 1166 690 1203 Nec
721 1163 963 1213 intellegitis,
996 1178 1020 1202 o
1053 1164 1198 1210 miseri,
1240 1163 1444 1201 neminem

98 1242 184 1267 esse
204 1229 273 1279 qui
293 1238 360 1268 aut
381 1230 466 1269 sine
497 1231 649 1269 ratione
673 1230 767 1268 velit
798 1242 969 1279 poenam
1000 1229 1133 1268 subire
1157 1238 1223 1267 aut
1244 1235 1446 1267 tormenta

99 1293 183 1333 sine
207 1297 295 1333 Deo
316 1297 446 1345 possid
462 1297 668 1334 sustinere.

152 1360 212 1410 (7)
243 1360 330 1399 Nisi
352 1362 451 1400 forte
473 1375 543 1400 vos
563 1362 725 1412 decipit,
749 1363 859 1412 quod
894 1363 1023 1401 Deum
1047 1361 1273 1400 nescientes
1295 1359 1449 1398 divitiis-

97 1427 260 1473 afluant‚
282 1427 504 1466 honoribus
525 1429 705 1474 floreant,
737 1430 915 1477 polleant
938 1427 1218 1477 potestatibus.
1244 1426 1383 1464 Miseri
1404 1424 1445 1463 in

99 1492 176 1530 hoc
195 1492 314 1531 altius
334 1494 538 1540 tolluntur,
562 1501 605 1532 ut
625 1493 816 1532 decidant
836 1494 966 1532 altius.
991 1493 1047 1530 Hi
1069 1492 1174 1531 enim
1197 1500 1239 1530 ut
1260 1491 1446 1529 victimae

96 1557 148 1596 ad
161 1557 403 1608 supplicium
418 1559 661 1608 saginantur,
684 1567 727 1597 ut
748 1559 904 1597 hostiae
924 1560 975 1597 ad
994 1572 1167 1609 poenam
1189 1564 1447 1596 coronantur:

98 1622 138 1660 in
158 1623 236 1661 hoc
251 1625 354 1662 adeo
371 1624 535 1674 quidam
554 1625 730 1676 imperiis
747 1639 794 1663 ac
811 1624 1154 1663 dominationibus
1171 1623 1386 1673 eriguntur,
1405 1629 1448 1659 ut

98 1687 303 1737 ingenium
324 1702 462 1728 eorum
496 1691 679 1740 perditae
714 1690 858 1729 mentis
890 1690 1075 1729 licentiae
1096 1688 1304 1740 potestatis
1325 1687 1449 1725 libere

99 1752 386 1792 nundinentur.
411 1755 469 1804 (8)
492 1756 657 1805 Absque
686 1756 794 1794 enirn
824 1755 968 1793 notitia
990 1754 1066 1793 Dei
1089 1768 1190 1805 quae
1211 1761 1343 1804 potest
1363 1765 1450 1791 esse

101 1817 229 1856 solida
259 1818 440 1866 felicitas,
477 1833 567 1858 cum
596 1833 703 1858 mors
734 1821 814 1858 sit?
842 1820 1009 1859 Somnio
1040 1819 1191 1865 similis,
1228 1826 1446 1867 antequam

101 1889 269 1930 tenetur,
292 1884 472 1922 elabitur.
508 1886 566 1935 (9)
586 1887 677 1933 Rex
706 1888 780 1924 es?
810 1888 876 1924 Set
897 1894 977 1924 tam
999 1885 1115 1923 times
1136 1898 1258 1934 quam
1281 1882 1444 1931 timeris,

103 1953 141 1985 et
179 1948 401 1996 quamlibet
440 1949 492 1987 sis
531 1953 660 1989 multo
694 1952 887 1990 comitatu
920 1951 1100 2002 stipatus,
1140 1951 1191 1988 ad
1226 1949 1448 1999 periculum

102 2019 241 2051 tamen
274 2015 382 2052 solus
416 2028 472 2071 eS.
518 2016 639 2054 Dives
678 2030 720 2054 es
741 2018 758 2054 ?
796 2017 877 2055 Sed
916 2017 1099 2054 fortunae
1134 2016 1236 2053 male
1276 2013 1452 2052 creditur

105 2083 143 2115 et
163 2090 310 2128 magno
330 2079 475 2119 viatico
497 2081 615 2120 breve
631 2081 733 2120 vitae
749 2082 820 2120 iter
836 2095 918 2120 non
931 2081 1148 2128 instruitur,
1167 2081 1238 2119 sed
1252 2086 1450 2118 oneratur.

105 2141 190 2191 (10)
213 2143 406 2183 Fascibus
427 2154 465 2184 et
487 2147 670 2196 purpuris
699 2147 906 2197 gloriaris?
928 2148 1066 2185 Vanus
1087 2160 1194 2185 error
1215 2144 1392 2183 hominis
1413 2151 1459 2182 et·

104 2206 235 2246 inanis
255 2210 386 2248 cultus
415 2210 619 2261 dignitatis
648 2213 798 2262 fulgere
828 2226 1012 2263 purpura,
1050 2220 1186 2251 mente
1207 2211 1450 2249 sordescere.

109 2271 331 2313 Nobilitate
370 2288 588 2324 generosus
628 2279 700 2315 es?
740 2279 927 2316 Parentes
967 2287 1056 2316 tuos
1090 2277 1259 2315 laudas?
1297 2275 1453 2314 Omnes

109 2342 243 2376 tamen
263 2338 347 2389 pari
368 2348 472 2379 sorte
492 2342 703 2389 nascimur,
727 2344 811 2381 sola
832 2343 974 2382 virtute
995 2342 1288 2393 distinguimur.
