1619 2596
133 70 194 112 24
672 68 938 101 OCTAVIUS.

129 183 343 220 immundo
374 182 535 220 vasculo
568 181 738 231 saepius,
771 188 813 218 ut
849 181 996 219 factum
1032 182 1229 232 Aegyptio
1261 183 1352 232 regi,
1388 196 1479 221 eon·

129 249 256 294 flatur,
280 248 461 285 tunditur
484 246 635 286 malleis
667 254 706 285 et
737 247 951 287 incudibus
983 248 1195 297 figuratur:
1230 256 1267 286 et
1300 247 1480 298 lapideus

129 315 220 350 deus
255 313 444 360 caeditur,
468 312 657 363 scalpitur
696 320 734 352 et
769 314 822 351 ab
853 314 1052 363 impurato
1089 313 1251 352 homine
1277 313 1478 364 levigatur,

133 390 206 416 nec
242 377 362 416 sentit
393 391 487 416 suae
523 377 740 415 nativitatis
762 377 958 427 injuriam,
997 377 1049 415 ita
1085 387 1124 414 ut
1157 391 1229 415 nec
1260 385 1397 427 postea
1431 379 1481 416 de

132 451 262 481 vestra
276 443 532 482 veneratione
554 444 761 480 culturam.

187 509 246 558 (5)
271 509 357 546 Nisi
394 509 492 546 forte
523 509 706 546 nondum
743 509 841 547 deus
878 521 1014 546 saxum
1050 517 1107 546 est
1141 510 1200 546 vel
1237 508 1385 557 lignum
1421 510 1481 547 vel

132 584 352 624 argentum.
378 574 554 623 Quando
576 573 692 624 igitur
713 574 779 611 hic
797 574 1006 612 nascitur?
1028 576 1134 613 Ecce
1156 574 1346 620 funditur,
1371 575 1483 612 fabri-

132 649 254 682 catur,
278 640 494 689 sculpitur:
531 641 713 678 nondum
749 641 848 678 deus
871 648 958 687 est3
994 654 1088 679 ecce
1123 641 1364 690 plumbatur,
1392 652 1481 678 con-

133 705 304 751 struitur,
328 704 487 754 erigitur
506 720 513 741 z
545 717 618 742 nec
649 705 783 742 adhuc
804 705 904 743 deus
925 712 1008 750 est3
1027 718 1122 743 ecce
1144 712 1316 745 ornatur.
1345 717 1482 742 conse-

134 778 274 817 cratur,
308 778 467 808 oratur:
499 778 596 807 tunc
626 778 832 820 postremo
860 771 958 808 deus
991 778 1061 816 est,
1086 783 1176 808 cum
1214 770 1336 807 homo
1371 770 1479 806 illum

135 835 259 874 voluit
281 843 319 874 et
342 835 553 873 dedicavit.

190 902 248 951 (6)
286 903 445 950 Quanto
475 902 604 939 verius
644 901 694 938 de
726 900 804 938 diis
838 900 976 939 vestris
1010 901 1198 938 animalia
1230 908 1338 938 muta
1373 910 1480 938 natu-

136 966 493 1015 raliterjudicantl
528 966 676 1011 Mures,
710 965 957 1009 hirundines,
981 965 1088 1002 milvi
1122 979 1201 1003 non
1230 965 1378 1003 sentire
1412 980 1482 1005 eos

137 1030 265 1068 sciunt
285 1046 291 1067 :
314 1031 474 1076 rodunt,
498 1030 713 1078 inculcant,
737 1031 925 1075 insident,
955 1043 1000 1068 ac
1022 1029 1096 1067 nisi
1117 1030 1295 1080 abigatis,
1328 1031 1366 1068 in
1394 1031 1481 1081 ipso

137 1096 200 1134 dei
222 1096 338 1134 vestri
361 1109 427 1134 ore
458 1096 686 1143 nidificant3
720 1109 889 1134 araneae
910 1109 1001 1133 vero
1024 1096 1163 1134 faciem
1185 1097 1271 1145 ejus
1299 1096 1480 1134 intexunt

137 1170 175 1199 et
196 1162 247 1199 de
269 1161 357 1211 ipso
377 1161 507 1211 capite
528 1175 599 1200 sua
621 1163 687 1200 fila
702 1163 963 1212 suspendunt.
991 1165 1050 1210 (7)
1073 1163 1154 1199 Vos
1175 1162 1348 1211 tergetis,
1372 1175 1481 1200 mun-

137 1226 252 1272 datis,
275 1226 435 1263 eraditis
458 1234 495 1264 et
515 1226 617 1272 illos,
634 1240 736 1276 quos
759 1226 884 1264 facitis
905 1226 1120 1277 protegitiS,
1145 1235 1183 1264 et
1204 1227 1360 1274 timetis,
1383 1228 1479 1266 dum

139 1291 418 1340 unusquisque
454 1301 627 1330 vestrum
668 1305 747 1330 non
781 1291 928 1341 cogitat
964 1291 1070 1341 prius
1106 1305 1148 1329 se
1182 1292 1329 1330 debere
1360 1293 1479 1331 deum

141 1369 259 1394 nosse
297 1369 417 1405 quam
452 1358 596 1402 colere,
636 1358 732 1396 dum
772 1357 1000 1395 inconsulte
1038 1357 1213 1406 gestiunt
1253 1356 1482 1406 parentibus

142 1421 345 1469 oboedire,
369 1422 464 1459 durn
491 1422 571 1460 sieri
593 1424 747 1460 malunt
767 1421 886 1460 alieni
908 1421 1047 1459 erroris
1068 1422 1246 1460 accessio
1267 1434 1386 1471 quam
1407 1421 1482 1459 sibi

140 1487 315 1533 credere,
336 1487 434 1524 dum
456 1486 553 1524 nihil
584 1501 631 1525 ex
653 1488 713 1525 his
734 1500 836 1537 quae
864 1487 1005 1525 timent
1037 1495 1193 1524 norunt.
1218 1486 1281 1524 Sic
1317 1487 1356 1524 in
1388 1500 1483 1524 auro

140 1559 178 1590 et
209 1560 373 1602 argento
403 1553 564 1590 avaritia
599 1561 833 1591 consecrata
864 1561 936 1597 est,
966 1552 1021 1590 sic
1050 1560 1267 1590 statuarum
1307 1552 1483 1590 inanium

140 1617 374 1667 consignata
390 1618 525 1664 forma,
549 1617 604 1656 sic
626 1626 717 1656 nata
740 1619 925 1655 Romana
945 1617 1184 1667 superstitio.

197 1684 256 1730 (8)
297 1684 480 1731 Quorum
521 1683 616 1721 ritus
651 1684 682 1721 si
711 1696 958 1733 percenseas,
998 1684 1164 1721 ridenda
1194 1696 1312 1732 quain
1350 1684 1485 1728 multa,

142 1762 258 1798 quam
295 1750 418 1786 multa
459 1749 577 1787 etiam
618 1749 845 1787 miseranda
881 1752 1007 1787 sunt!
1049 1749 1156 1786 Nudi
1194 1750 1316 1786 cruda
1357 1748 1487 1786 hieme

143 1814 380 1860 discurrunt,
402 1814 468 1852 alii
502 1814 695 1852 incedunt
717 1814 877 1864 pilleati,
901 1823 1012 1852 scuta
1032 1823 1165 1852 vetera
1190 1814 1486 1861 circumferunt,

143 1881 267 1930 pelles
287 1880 472 1927 caedunt,
497 1879 776 1918 mendicantes
796 1881 955 1917 vicatim
969 1881 1066 1918 deos
1087 1880 1240 1917 ducunt
1259 1896 1265 1917 :
1288 1881 1486 1930 quaedam

144 1946 236 1983 sana
255 1947 378 1984 semel
398 1958 505 1983 anno
527 1945 634 1984 adire
656 1945 901 1995 permittunt,
924 1945 1123 1995 quaedam
1160 1946 1198 1983 in
1220 1953 1348 1984 totum
1376 1945 1487 1983 nefas

143 2013 293 2051 visere:
326 2020 384 2050 est
416 2025 497 2062 quo
532 2013 614 2050 viro
649 2025 730 2049 non
765 2012 857 2050 licet
882 2020 921 2050 et
942 2013 1138 2049 nonnulla
1158 2013 1311 2062 absque
1332 2010 1488 2050 feminis

140 2091 249 2116 sacra
266 2087 371 2125 sunt,
388 2078 507 2118 etiam
528 2093 641 2118 servo
661 2079 904 2128 quibusdam
926 2079 1180 2118 caerimoniis
1197 2079 1389 2117 interesse
1410 2078 1488 2128 pia-

140 2145 272 2182 culare
293 2144 485 2192 flagitium
503 2154 562 2182 est
578 2160 585 2182 :
607 2144 682 2181 alia
699 2157 809 2182 sacra
825 2152 991 2182 coronat
1007 2145 1171 2190 univira,
1188 2144 1263 2181 alia
1281 2143 1486 2189 multivira,

139 2217 178 2247 et
211 2222 354 2259 magna
387 2209 577 2259 religione
607 2209 856 2259 conquiritur
885 2222 987 2259 quae
1017 2211 1128 2259 plura
1149 2209 1274 2258 possit
1293 2208 1489 2247 adulteria

144 2288 362 2313 numerare.
388 2274 447 2325 (9)
465 2275 599 2323 Quid?
620 2275 687 2324 qui
708 2274 901 2324 sanguine
919 2287 991 2312 suo
1005 2274 1103 2312 libat
1115 2283 1154 2313 et
1167 2273 1396 2312 vulneribus
1408 2272 1488 2311 suis

144 2340 354 2391 supplicat,
378 2353 457 2378 non
489 2341 679 2390 profanus
714 2339 855 2377 melius
886 2347 989 2378 esset
1017 2353 1138 2389 quam
1169 2339 1224 2378 sic
1254 2338 1489 2388 religiosus?
