1619 2596
557 102 810 134 CHAPITRE
847 102 992 133 XVIII.
1360 101 1443 133 101

107 216 152 253 d„
173 223 203 254 2,
226 224 298 254 140:
318 216 441 246 Sensus
452 219 561 246 autem
580 216 771 256 interpretes
786 226 823 245 ac
839 216 959 245 nuntii
974 225 1084 246 rerum
1104 216 1141 245 in
1158 216 1260 256 capite
1278 220 1450 255 tamquam

108 266 144 295 in
167 275 238 296 arce
255 264 306 302 (cf.
335 265 443 302 Tusa,
466 272 494 302 1,
514 265 569 302 20)
587 264 726 306 mirifice
752 265 798 294 ad
810 275 890 294 usus
906 265 1098 295 necessarios
1113 264 1240 305 etfactz'
1254 269 1283 294 et
1299 264 1451 294 conlocatz

106 318 194 344 sunt.
215 313 306 344 Nam
319 314 407 343 oculi
419 318 590 354 tamquam
606 313 817 354 speculatores
828 314 1030 343 altissimum
1045 313 1149 343 locum
1161 313 1316 350 obtinent,
1333 324 1374 343 ex
1388 323 1452 353 quo

98 363 255 403 plurima
277 363 504 402 conspicientes
506 361 710 403 fungantur
719 372 777 392 suo
793 372 936 392 munere.
946 361 1112 393 Minucius
1125 361 1173 392 dit
1189 363 1220 392 la
1233 360 1340 392 meme
1353 361 1451 392 chose

105 421 184 442 avec
211 412 284 452 plus
312 411 354 442 de
370 411 548 449 concision,
567 411 696 442 suivant
723 421 783 442 son
799 411 966 442 habitude.
988 429 1029 433 —
1044 409 1284 443 Constitutus
1314 416 1358 448 (z
1388 404 1448 449 ὤν,

106 456 299 497 καθεστώς)
331 461 495 501 remplace
511 460 542 491 le
572 465 655 501 part.
683 458 766 501 pres.
795 460 835 491 de
862 470 935 497 esse,
966 460 1020 501 qui
1057 471 1198 501 manque
1232 460 1283 497 (cf.
1318 468 1370 500 32,
1403 460 1446 498 7).

107 508 286 546 Woelfflin,
305 509 486 549 Archias.
508 509 564 539 lat.
582 509 677 545 Lex„
696 509 775 545 VII,
795 508 854 546 481
875 520 883 545 ;
902 509 1016 545 Goetz,
1037 509 1093 545 ib„
1115 509 1177 547 IX,
1194 516 1266 548 307.

506 668 828 703 anl‘l'l'RE
868 669 1048 702 XVIII.

147 773 172 807 1.
183 773 356 816 Longum
372 775 441 806 est.
452 774 478 804 F
481 774 607 804 ormule
620 774 660 804 de
674 774 857 805 transition:
879 782 895 805 (<
909 774 931 804 il
944 775 1047 804 serait
1058 779 1129 814 trop
1147 775 1225 815 long
1241 782 1268 804 ›>.
1284 774 1449 811 Grannum,

108 823 177 864 183.
200 842 241 847 —
260 821 359 856 Nihil
375 821 628 860 membrorum,
643 822 718 864 gen.
740 824 780 854 de
797 823 948 865 l’espece,
980 824 1076 853 nulla
1094 824 1237 854 membra
1254 834 1264 857 ‚·
1292 823 1330 854 ef.
1365 831 1395 860 2,
1415 831 1445 863 3.

105 873 190 911 Cic.,
210 874 262 904 De
284 885 316 904 n.
336 874 381 911 d.‚
400 882 427 910 1,
447 880 486 912 47
504 885 510 903 :
546 884 647 913 quam
663 874 734 903 sint
748 875 860 904 omnia
878 875 914 904 in
932 873 1202 914 lzominzsfigura
1219 884 1284 903 non
1305 873 1394 903 modo
1410 873 1457 903 ad

106 933 215 960 usum,
245 933 359 953 verum
387 923 485 953 etiam
503 923 549 952 ad
560 927 762 952 venustatem
781 928 866 962 apta.
888 922 937 953 Cf.
961 922 1016 957 ib„
1041 930 1191 962 133-139.
1220 940 1253 945 —
1277 919 1448 959 Deflexa,

105 979 123 1002 <<
136 971 229 1002 traits
240 971 297 1012 qui
313 970 495 1004 s'ecartent,
510 970 663 1001 disserent
679 971 719 1001 de
736 981 816 1002 ceux
834 971 891 1002 des
907 978 1015 1001 autres
1030 978 1061 1005 »ς
1075 971 1286 1008 liniamenta,
1301 970 1447 1012 orthogr.

104 1020 192 1050 arch.
214 1030 295 1061 pour
312 1021 522 1050 lineamenta.
541 1039 578 1042 —
597 1018 697 1051 Inter
714 1029 754 1051 se
771 1032 799 1044 z
822 1021 911 1050 inter
926 1031 983 1050 nos
999 1030 1009 1052 ‚¹
1025 1019 1064 1049 cf.
1091 1028 1139 1056 11,
1157 1028 1174 1060 3
1193 1032 1199 1050 :
1217 1020 1283 1050 sibi
1298 1021 1448 1050 mortuis.

147 1111 177 1145 2.
200 1110 296 1153 Quid
322 1110 498 1144 nascendi
514 1110 607 1144 ratio
621 1111 638 1145 ?
662 1113 755 1143 Nous
771 1123 873 1143 avons
889 1112 928 1143 ici
946 1113 1032 1143 deux
1050 1113 1204 1143 formules
1221 1112 1261 1142 de
1279 1111 1451 1143 transition

104 1171 184 1192 avec
207 1163 299 1202 quid,
319 1168 493 1202 marquant
517 1161 604 1192 l'une
621 1167 652 1192 et
677 1161 791 1192 l'autre
815 1172 878 1192 une
903 1162 1075 1202 gradation
1096 1174 1102 1192 :
1131 1163 1158 1199 1)
1176 1162 1262 1202 quid
1274 1161 1356 1191 snivi
1373 1160 1452 1191 d'un

105 1211 200 1252 sujet,
219 1221 298 1242 avec
315 1211 429 1252 ellipse
452 1211 495 1241 du
513 1211 611 1241 verbe
627 1222 635 1247 ;
659 1211 820 1241 traduisez
845 1222 901 1252 par
930 1211 1036 1242 «bien
1054 1212 1127 1252 plus
1141 1219 1158 1242 »
1176 1221 1215 1241 ou
1242 1211 1452 1252 silnplenient

106 1271 162 1302 par
191 1268 208 1292 ‹<
226 1266 259 1291 et
275 1267 317 1291 »ι
348 1268 365 1291 «
383 1261 431 1291 Et
458 1261 489 1290 la
516 1260 610 1301 facon
636 1260 717 1291 dont
745 1270 826 1291 nous
851 1260 1023 1291 naissons?
1051 1262 1127 1302 (que
1156 1260 1386 1302 prouve-t-elle
1400 1260 1452 1298 ?);

105 1309 146 1341 cf.
167 1318 218 1349 23,
238 1310 268 1340 6.
291 1311 322 1347 2)
351 1310 469 1348 Quid!
491 1310 559 1340 seul
578 1311 610 1345 (<(
629 1309 702 1349 Que
718 1309 900 1340 dites-vous
915 1309 957 1340 de
974 1310 1067 1340 ceci?
1082 1320 1147 1351 que
1171 1320 1294 1350 prouve
1311 1309 1378 1339 ceci
1392 1309 1405 1339 ?
1419 1310 1451 1345 »)

107 1366 125 1390 ((
143 1355 195 1389 Eh
212 1358 290 1400 quoi
309 1360 315 1389 !
334 1366 362 1394 ))‚
382 1358 463 1389 suivi
488 1357 587 1388 d’une
610 1358 764 1399 interrog.
793 1369 872 1389 avec
896 1370 1004 1389 nonne
1020 1369 1030 1390 .·
1053 1369 1126 1399 voy.
1149 1366 1200 1395 22,
1220 1367 1250 1397 9.
1277 1358 1341 1389 Ces
1365 1358 1452 1389 deux

106 1407 262 1438 formules
278 1406 429 1439 different
446 1407 487 1437 de
516 1408 547 1437 la
573 1407 711 1438 formule
728 1407 768 1438 de
786 1406 975 1448 preterition
992 1407 1036 1438 du
1054 1408 1104 1438 ch.
1127 1415 1156 1448 5,
1180 1416 1218 1438 10
1237 1409 1323 1448 (voy.
1348 1406 1397 1444 18,
1414 1407 1452 1444 63

106 1465 160 1495 24,
180 1458 224 1495 7).
244 1474 286 1479 —-
303 1454 491 1487 Nascendi
515 1454 609 1488 ratio
636 1464 653 1487 «
671 1457 702 1486 la
720 1456 887 1487 naissance
906 1464 934 1493 ›>‚
966 1456 1154 1498 periphrase
1182 1467 1263 1498 pour
1291 1457 1321 1486 le
1347 1456 1448 1487 subst.

106 1505 218 1536 verbal
234 1505 290 1546 qui
312 1505 449 1536 n’existe
465 1516 524 1546 pas
541 1505 593 1543 (cf.
618 1513 667 1544 17,
687 1508 730 1542 2).
757 1524 798 1527 —
815 1504 865 1536 Et
881 1508 920 1537 ut
951 1517 980 1530 =
1012 1511 1041 1536 et
1058 1504 1187 1543 (nonne
1203 1517 1223 1535 a
1245 1506 1315 1536 Deo
1338 1505 1453 1535 datum

106 1553 174 1595 est)
191 1559 239 1591 ut,
259 1555 306 1585 les
322 1554 407 1585 deux
432 1554 653 1595 propositions
677 1560 906 1595 commencant
931 1565 988 1595 par
1013 1560 1050 1585 ut
1065 1562 1139 1586 sont
1164 1554 1265 1595 sujets
1281 1554 1322 1584 de
1338 1554 1453 1584 datum

106 1608 152 1634 est
175 1606 317 1634 contenu
341 1603 423 1634 dans
445 1603 524 1633 data
538 1608 592 1634 est.
613 1621 655 1625 —
673 1601 788 1635 Fetus
813 1611 830 1634 «
849 1604 878 1634 16
903 1602 1110 1635 nouveau—ne
1129 1612 1156 1635 )>.
1191 1604 1396 1644 Remarquez
1424 1604 1454 1633 la

108 1653 240 1683 couleur
268 1650 434 1693 poetique,
465 1657 592 1683 surtout
619 1652 701 1683 dans
729 1653 872 1683 ubertate
899 1654 995 1683 lactei
1015 1654 1100 1683 roris
1119 1664 1148 1677 =
1170 1653 1248 1683 lacte
1266 1652 1429 1682 uberrimo
1441 1662 1455 1689 ;

108 1701 146 1732 cf.
169 1709 199 1739 2,
221 1709 238 1741 3
255 1712 263 1732 t
281 1701 484 1732 aviditatem.

150 1792 184 1827 3.
212 1791 292 1825 Nec
316 1790 554 1832 universitati,
584 1793 623 1824 cs.
657 1800 707 1832 17,
731 1801 760 1824 2.
791 1793 875 1831 Cic.,
906 1794 956 1824 De
979 1805 1011 1824 n.
1041 1794 1086 1830 αἱ,
1114 1802 1145 1831 2,
1178 1793 1237 1832 164
1254 1806 1261 1824 :
1289 1793 1358 1824 Nec
1380 1804 1454 1824 vero

108 1843 263 1873 universo
274 1843 393 1882 generi
413 1842 585 1873 hominum
609 1843 725 1880 solum,
745 1843 802 1873 scd
813 1844 910 1873 etiam
928 1844 1072 1883 singulis
1093 1854 1113 1873 a
1128 1844 1195 1873 diis
1212 1843 1455 1873 immortalibus

108 1891 237 1922 consuli
249 1895 280 1921 et
287 1891 463 1931 provideri
475 1892 608 1922 solet.—
623 1889 873 1930 Solummodo,
894 1902 975 1932 pour
991 1893 1095 1922 solum
1117 1898 1165 1923 est
1182 1891 1452 1933 post-classique;

109 1939 147 1971 cf.
169 1938 222 1977 28,
242 1948 280 1977 23
297 1945 350 1980 35,
368 1939 400 1970 6.
421 1958 462 1962 -
481 1937 666 1979 Deficitur,
687 1951 726 1970 au
744 1940 808 1971 lieu
825 1940 866 1971 de
884 1953 890 1971 z
914 1940 1136 1971 Britanniam
1153 1942 1202 1971 sol
1222 1941 1336 1982 deficit.
1359 1940 1453 1972 Dans

110 1987 251 2021 Ciceron
267 1987 353 2029 dij
373 1989 403 2020 le
414 1988 517 2030 passif
528 1989 680 2031 deficitur
688 1989 815 2030 signifie
825 1994 921 2028 caret,
935 1990 1131 2020 destituitur
1143 2000 1153 2020 .·
1166 1991 1298 2020 Λίτιίίεν
1307 1990 1454 2020 abundat

109 2039 260 2075 audacia,
279 2038 413 2069 consilio
428 2042 459 2069 et
473 2038 601 2068 ratione
616 2039 768 2080 deficitur
780 2039 859 2075 (Pro
879 2038 1023 2075 Cluent.‚
1048 2038 1120 2077 184)
1136 2050 1144 2076 ;
1161 2038 1180 2069 ὲ.
1196 2038 1348 2080 Pepoque
1365 2044 1453 2080 post-

109 2087 281 2129 classique,
311 2088 342 2118 le
368 2087 472 2128 passis
496 2088 528 2125 (<(
545 2097 704 2128 manquer
728 2087 768 2118 de
787 2089 818 2125 )>)
843 2087 974 2118 devient
999 2089 1071 2129 plus
1092 2087 1252 2129 frequent.
1274 2106 1315 2110 —
1334 2085 1454 2119 Maris

109 2138 248 2178 tepore,
268 2142 354 2167 cette
369 2135 496 2167 tiedeur
512 2136 602 2167 vient
617 2137 661 2167 du
677 2137 893 2177 gulf-stream,
914 2144 1049 2168 courant
1076 2137 1239 2168 maritime
1267 2137 1374 2168 chaud
1397 2136 1453 2178 qui

110 2186 229 2217 circule
251 2190 342 2216 entre
361 2186 392 2216 le
415 2185 504 2226 golfe
528 2186 572 2216 du
590 2186 748 2227 Mexique
765 2193 797 2216 et
813 2187 860 2217 les
876 2186 1002 2227 rivages
1019 2187 1287 2228 septentrionaux
1304 2186 1345 2217 de
1361 2185 1452 2217 1⁷Eu-

109 2245 208 2276 rope3
225 2245 266 2265 en
278 2234 385 2275 jetant
401 2245 454 2265 sur
471 2244 524 2266 ces
540 2234 666 2276 rivages
682 2236 729 2266 les
745 2245 827 2265 eaux
844 2234 1028 2267 echauffees
1044 2236 1101 2267 des
1118 2236 1296 2277 tropiques,
1313 2235 1335 2266 il
1352 2235 1452 2266 adou-

110 2284 154 2315 cit
170 2283 404 2315 sensiblement
420 2283 490 2314 leur
506 2283 617 2314 climat
638 2283 810 2314 maritime.
829 2284 897 2315 Cic.
920 2285 977 2322 (D.
1000 2296 1033 2316 n.
1049 2286 1095 2322 αἱ,
1116 2294 1146 2323 2,
1167 2285 1222 2323 26)
1240 2283 1454 2326 eonjecturait

110 2343 175 2374 que
203 2337 288 2364 cette
304 2331 436 2363 chaleur
452 2330 531 2363 etait
547 2333 699 2374 produite
716 2343 773 2374 par
789 2333 820 2363 16
836 2339 1048 2364 mouvement
1064 2334 1122 2365 des
1139 2344 1260 2375 vagues
1275 2336 1281 2365 !
1299 2352 1340 2357 —
1357 2331 1451 2365 Pen-

111 2383 171 2414 sat
197 2389 214 2413 <(
227 2379 473 2422 ᾶέόοηπῐιειξζεῖῑ,
493 2391 684 2422 compenser
702 2382 731 2412 16
749 2392 890 2423 manque
906 2382 947 2413 de
964 2389 992 2414 )).
1016 2383 1064 2414 La
1081 2383 1302 2414 construction
1320 2387 1367 2414 est
1380 2392 1455 2414 sans
