1619 2596
153 82 210 111 22
691 80 953 114 OCTAVIUS.

147 206 267 242 quarn
297 199 435 244 gentes
466 192 574 230 ritus⁴
593 206 687 231 suos
726 206 936 243 moresque
973 194 1197 241 miscerent,
1229 209 1499 247 unaquaeque

149 258 258 296 natio
288 257 541 296 conditorem
571 271 687 295 suum
722 265 790 295 aut
824 259 968 295 ducem
1000 258 1192 308 inclytum
1224 268 1291 298 aut
1322 261 1498 311 reginam

148 322 339 373 pudicam
369 336 464 362 sexu
497 336 568 361 suo
599 323 800 361 fortiorem
823 331 891 361 aut
910 324 1078 373 alicujus
1110 326 1284 363 muneris
1313 328 1374 364 vel
1405 327 1499 365 artis

149 396 391 438 repertorem
414 390 679 427 venerabatur
710 397 753 427 ut
782 389 909 427 civem
933 389 1064 427 bonae
1096 391 1339 429 memoriae:
1376 393 1431 431 sic
1459 401 1499 432 et

150 453 351 492 defunctis
374 454 591 503 praemium
615 462 653 492 et
675 454 815 492 tuturis
836 455 1006 492 dabatur
1026 456 1266 504 exemplum.

207 520 316 556 XXI.
342 520 448 569 Lege
477 519 756 557 historicorum
779 519 924 569 scripta
958 521 1018 557 vel
1049 519 1195 570 scripta
1227 521 1497 570 sapientium:

148 585 292 622 eadem
316 597 474 622 mecum
497 597 776 635 recognosces.

204 650 271 688 Ob
292 650 433 688 merita
454 650 607 688 virtutis
641 658 708 688 aut
731 650 908 689 muneris
938 651 1035 689 deos
1058 651 1217 689 habitos
1249 652 1499 690 Evhemerus

148 715 389 765 exsequitur,
412 723 450 754 et
471 729 610 754 eorum
632 717 796 759 natales,
820 715 977 764 patrias,
1000 717 1184 767 sepulcra
1211 716 1440 755 dinumerat
1460 725 1499 756 et

149 794 219 831 per
239 781 463 831 provincias
481 789 686 827 monstrat,
714 781 869 819 Dictaei
890 781 1001 830 Jovis
1022 790 1059 819 et
1086 781 1285 832 Apollinis
1310 782 1499 832 Delphici

149 855 189 885 et
235 847 400 885 Phariae
450 846 570 885 Isidis
618 853 657 885 et
705 845 860 886 Cereris
912 847 1153 886 Eleusiniae.
1195 848 1253 897 (2)
1305 847 1499 886 Prodicus

148 913 387 963 adsumptos
426 912 465 949 in
506 913 605 950 deos
644 912 831 961 loquitur,
872 912 940 961 qui
976 914 1145 957 errando
1180 912 1351 951 inventis
1384 913 1499 952 novis

150 977 327 1028 frugibus
342 977 502 1015 utilitati
516 976 726 1015 hominurn
745 978 992 1027 profuerunt.
1009 979 1054 1015 In
1070 979 1238 1016 eandem
1258 978 1497 1016 sententiam

135 1053 187 1096 vet
227 1044 419 1082 Persaeus
453 1043 761 1094 philosophatur
800 1051 838 1082 et
870 1044 1048 1082 adnectit
1083 1043 1266 1082 inventas
1298 1045 1429 1094 fruges
1461 1052 1501 1083 et

150 1111 304 1160 frugum
320 1109 493 1159 ipsarum
516 1117 738 1159 repertores
759 1109 886 1148 isdem
909 1109 1206 1147 nominibus...

142 1209 152 1225 ,
205 1174 266 1224 (3)
297 1175 527 1213 Alexander
550 1174 616 1213 ille
654 1176 825 1224 Magnus
857 1175 1032 1213 Macedo
1054 1174 1198 1224 insigni
1221 1175 1425 1213 volumine
1445 1175 1499 1213 ad

152 1247 319 1277 matrem
341 1253 455 1277 suam
490 1239 660 1289 scripsit,
684 1247 792 1278 metu
825 1253 918 1278 suae
946 1239 1157 1289 potestatis
1188 1239 1393 1289 proditum
1422 1238 1499 1276 sibi

150 1306 201 1342 de
234 1304 309 1343 diis
345 1304 578 1343 hominibus
609 1319 631 1343 a
671 1306 880 1343 sacerdote
913 1313 1136 1343 secretum:
1166 1304 1243 1342 illic
1274 1305 1499 1342 Vulcanum

149 1370 243 1408 facit
272 1369 458 1408 omnium
480 1370 718 1420 principem,
741 1378 780 1409 et
802 1377 943 1420 postea
963 1370 1072 1419 Jovis
1094 1378 1267 1420 gentem.
1291 1369 1351 1420 (4)
1371 1371 1502 1408 Satur-

150 1449 248 1473 num
287 1435 395 1475 enim
435 1436 657 1486 principem
699 1437 817 1485 hujus
857 1436 1011 1486 generis
1050 1444 1088 1474 et
1128 1435 1321 1474 examinis
1359 1447 1501 1473 omnes

148 1501 361 1552 scriptores
388 1501 599 1539 vetustatis
634 1501 777 1540 Graeci
809 1501 1065 1550 Romanique
1088 1501 1295 1539 hominem
1317 1499 1503 1551 prodide-

150 1574 252 1604 runt.
279 1566 360 1605 Scit
386 1567 464 1604 hoc
498 1567 642 1617 Nepos
675 1575 713 1605 et
735 1565 899 1605 Cassius
920 1565 960 1603 in
985 1566 1162 1612 historia,
1193 1574 1230 1604 et
1253 1566 1420 1603 Thallus
1455 1578 1502 1603 ac

152 1631 357 1670 Diodorus
397 1634 475 1670 hoc
515 1633 752 1682 loquuntur.
803 1631 862 1682 (5)
901 1633 940 1670 Is
980 1631 1114 1681 itaque
1154 1633 1347 1670 Saturnus
1383 1632 1504 1672 Creta

150 1698 342 1747 profugus
379 1697 539 1735 Italiam
575 1705 685 1735 metu
719 1697 787 1734 filii
823 1697 1036 1735 saevientis
1074 1705 1307 1743 accesserat,
1343 1704 1381 1735 et
1412 1697 1503 1747 Jani

149 1770 360 1812 susceptus
398 1762 577 1813 hospitio
612 1763 730 1801 rudes
751 1762 840 1800 illos
875 1762 1059 1801 homines
1097 1770 1135 1800 et
1168 1769 1344 1813 agrestes
1379 1764 1504 1801 multa

148 1828 289 1866 docuit
310 1836 351 1866 ut
373 1829 594 1866 Graeculus
626 1835 665 1866 et
696 1827 854 1878 politus,
877 1827 1027 1866 litteras
1057 1827 1282 1877 inprimere,
1314 1839 1503 1865 nummos

148 1893 314 1944 signare,
339 1894 608 1932 instrumenta
634 1894 846 1932 conficere.
881 1892 940 1942 (6)
975 1894 1119 1942 Itaque
1150 1893 1342 1931 latebram
1376 1906 1501 1940 suam,

147 1960 259 2008 quod
290 1967 377 1997 tuto
398 1959 593 2005 latuisset,
617 1959 751 1996 vocari
788 1958 925 1996 maluit
949 1957 1120 2004 Latium,
1144 1966 1182 1996 et
1214 1959 1353 1997 urbem
1375 1960 1503 1997 Satur·

149 2025 258 2064 niam
274 2025 400 2064 indito
414 2026 465 2063 de
481 2038 555 2063 suo
577 2025 741 2063 nomine
757 2033 795 2063 et
811 2024 1041 2074 Janiculum
1058 2025 1185 2073 Janus
1201 2025 1253 2063 ad
1271 2024 1503 2063 memoriam

148 2098 318 2141 uterque
340 2089 584 2141 posteritatis
607 2089 864 2139 reliquerunt.
892 2088 952 2140 (7)
974 2091 1116 2127 Homo
1138 2089 1256 2139 igitur
1276 2089 1415 2139 utique
1434 2089 1501 2139 qui

149 2155 261 2206 fugit,
291 2156 414 2194 homo
436 2155 576 2205 utique
598 2154 665 2205 qui
688 2155 815 2201 latuit,
839 2162 878 2192 et
910 2160 1021 2204 pater
1053 2155 1229 2192 hominis
1251 2161 1289 2192 et
1311 2161 1427 2192 natus
1457 2167 1503 2193 ex

150 2220 314 2259 homine
335 2236 342 2259 :
363 2222 511 2259 Terrae
533 2220 641 2259 enim
660 2222 721 2258 vel
744 2220 855 2260 Caeli
872 2219 986 2266 filius,
1002 2220 1115 2270 quod
1135 2220 1243 2270 apud
1261 2220 1385 2257 Italos
1400 2225 1503 2257 esset

151 2286 296 2335 ignotis
333 2285 578 2336 parentibus,
616 2286 811 2335 proditus,
853 2293 895 2323 ut
939 2285 979 2323 in
1015 2285 1257 2323 hodiernum
1292 2284 1504 2334 inopinato

151 2351 258 2390 visos
278 2354 392 2391 caelo
421 2352 576 2398 missos,
606 2351 802 2402 ignobiles
828 2359 866 2390 et
887 2351 1047 2402 ignotos
1086 2359 1210 2388 terrae
1242 2350 1344 2389 filios
1374 2349 1501 2387 nomi-
