1619 2596
570 104 827 136 CHAP1TRE
864 103 949 135 XX.
1338 107 1355 137 1
1374 106 1428 152 15

131 211 323 253 Felicibus,
351 224 392 244 au
419 224 494 244 sens
518 212 661 254 premier
687 212 839 249 «fertile,
868 210 987 243 second
1006 219 1035 243 )).
1065 213 1186 243 Felices
1208 214 1335 244 arbores
1355 214 1433 244 Cato

84 265 175 294 dixit
196 273 280 304 quae
295 263 584 304 fi’uctumfi’rmzt
602 262 718 299 (Fest.‚
735 273 766 302 p.
787 263 853 300 92).
875 262 1178 302 Inutilesquejalce
1194 274 1302 293 ramos
1317 269 1431 304 ampu-

84 313 334 354 tansjelicz'ores
351 313 469 342 inserit
486 312 603 349 (Hor.‚
620 311 699 351 Ep„
720 319 750 348 2,
775 319 823 341 12.
841 311 890 342 Cf.
912 311 1018 351 virg„
1039 313 1139 348 Aen„
1160 312 1191 349 6,
1212 320 1276 352 230
1292 317 1324 342 et
1337 313 1431 352 Egra,

85 370 114 402 5,
136 364 201 402 37).
222 380 263 384 —
282 360 417 402 Equos,
437 371 506 392 acc.
526 371 602 401 grec
628 371 670 391 ou
688 359 931 395 determinati&
957 361 1185 391 construction
1213 361 1381 402 poetique.
1404 362 1435 392 11

84 412 153 442 faut
175 411 335 442 entendre
350 422 356 440 :
385 410 549 441 Centauri
562 420 657 450 equos
672 410 743 440 suis
758 410 947 439 hominibus
964 411 1111 450 implexi,
1132 421 1190 451 par
1207 410 1375 442 imitation
1392 410 1435 442 de

84 460 224 501 Virgile,
247 460 373 500 Georg„
389 469 420 498 4,
441 458 503 499 582
518 470 525 489 :
543 459 766 498 caeruleosque
783 459 942 498 implexae
967 460 1117 489 crinibus
1132 470 1255 499 angues
1271 461 1434 491 Eumeni-

83 510 144 540 des.
168 508 369 540 L’accusatif
379 519 475 549 equos
492 515 510 540 ((
526 514 630 549 quant
646 519 711 538 aux
728 508 878 539 chevaux
896 516 913 539 >)
932 508 1070 550 indique
1096 509 1128 539 la
1144 511 1257 549 partie
1280 509 1325 539 du
1350 510 1438 550 sujet

83 558 141 599 qui
157 564 207 589 est
225 565 242 589 «
259 555 414 589 attachee
431 565 448 589 >)
466 568 532 588 aux
548 557 711 588 hommes.
735 556 799 588 Les
816 557 1000 588 Centaures
1017 564 1075 588 ont
1092 568 1135 589 un
1152 558 1249 589 buste
1266 558 1436 590 d'homme

84 613 117 638 et
145 617 189 638 un
206 617 303 647 corps
319 606 362 637 de
378 606 507 639 cheval.
525 624 568 628 —
587 603 660 637 Illis
677 598 766 637 erat.
790 604 968 637 L'infinitif
979 606 1140 646 (libenter
1155 607 1295 648 audire)
1312 612 1377 638 sert
1394 607 1436 637 de

82 655 168 696 sujet
181 666 222 686 au
236 656 335 687 verbe
348 666 411 686 esse
423 654 583 686 construit
596 665 677 685 avec
691 655 720 686 le
733 654 834 691 datif3
848 660 937 686 cette
954 656 1181 687 construction
1198 667 1269 687 rare
1286 656 1437 697 rappelle

84 703 308 736 l'hellenisme
325 703 415 735 imite‘:
435 714 494 745 par
521 703 702 735 Tite-Live
719 716 725 734 :
755 704 951 744 quibusdam
969 705 1151 735 volentibus
1167 715 1268 735 novas
1292 716 1342 736 res
1356 705 1435 746 sore

86 754 153 791 (21,
185 761 236 793 50,
269 754 332 791 10),
363 753 445 784 mais
473 754 538 784 elle
569 764 610 784 en
639 751 762 784 differe.
794 753 870 784 Elle
897 753 1008 784 donne
1037 753 1054 784 ὲ
1084 755 1131 785 Μ.
1164 754 1202 785 F.
1234 754 1266 784 la
1289 754 1434 785 clausule

83 805 193 834 ss=)-⁸—
214 805 217 843 Ι
239 806 313 834 sso.
334 803 412 833 Illis
428 813 510 843 pour
526 804 582 841 eis,
602 813 679 833 sens
696 802 843 839 affaibli3
860 803 900 834 cf.
920 802 952 841 8,
972 810 1001 843 5.

127 900 159 934 4.
188 899 325 941 Quid...
357 898 514 937 fabulas,
541 906 705 931 sous—ent.
735 901 853 941 loquar
876 900 932 937 (cf.
960 908 989 940 5,
1021 901 1071 938 10)
1101 910 1143 930 ou
1167 910 1407 931 connuemorem
1419 900 1435 931 ?

86 950 246 980 Formule
263 950 304 981 de
322 948 519 990 preterition
535 960 542 983 ς
560 949 601 980 cf.
628 956 676 988 17,
701 958 740 980 10
756 955 787 980 et
806 957 858 985 22,
879 949 908 979 6.
932 950 962 980 Il
986 947 1082 989 s’agit
1104 948 1163 980 des
1186 947 1434 991 metamorpho-

86 1010 150 1036 ses,
170 997 329 1030 chante'es
347 1009 405 1040 par
423 999 547 1030 Ovide.
568 1017 610 1021 —-
629 998 685 1030 De
703 996 912 1030 hominibus
929 1007 1021 1030 aves
1039 998 1165 1039 (jactas
1177 998 1274 1039 esse),
1295 1009 1378 1039 pour
1395 1009 1438 1029 ex

88 1049 287 1080 hominibus.
310 1048 397 1085 Cic.,
417 1049 469 1078 De
486 1053 568 1088 rep„
589 1056 620 1085 2,
645 1056 683 1086 19
699 1060 705 1078 :
724 1049 787 1088 qm·
800 1049 852 1078 dii
873 1048 1113 1078 exlzomz'm'bus
1126 1047 1220 1088 sacti
1241 1059 1304 1078 esse
1320 1049 1435 1078 dicun-

87 1103 154 1128 tztr.
176 1116 218 1120 —
237 1096 294 1129 De
307 1097 459 1138 exprime
475 1096 639 1138 l‘origine,
660 1096 733 1138 puis
750 1097 781 1127 la
797 1095 936 1128 mati‘ere
953 1097 1036 1127 dont
1052 1107 1117 1127 une
1134 1097 1234 1128 chose
1258 1103 1308 1128 est
1331 1096 1412 1128 faite
1428 1107 1437 1133 3

87 1146 108 1177 il
127 1151 177 1177 est
196 1146 270 1187 plus
286 1151 427 1177 souvent
445 1145 613 1186 employe‚
632 1145 650 1177 ἐι
667 1145 823 1187 l'epoque
840 1146 1112 1187 post—classique,
1130 1146 1214 1177 dans
1231 1156 1268 1176 ce
1285 1156 1363 1178 sens
1373 1156 1438 1187 que

88 1206 138 1226 ex.
159 1195 244 1236 Voy.
266 1204 296 1236 3,
316 1204 346 1226 2.
367 1214 409 1218 —
428 1195 559 1233 Feras,
586 1205 630 1226 sc.
651 1195 766 1236 jactas
791 1205 832 1226 ou
858 1200 947 1225 ortas
969 1206 1041 1226 esse.
1072 1213 1112 1217 —
1138 1194 1187 1226 Et
1212 1194 1257 1226 de
1280 1193 1438 1227 homini-

91 1244 171 1282 bus,
191 1243 306 1286 repe'te
323 1252 340 1276 4(
354 1250 386 1275 et
403 1252 569 1276 encore».
590 1245 617 1274 ΙΙ
636 1255 655 1284 y
671 1255 691 1274 a
706 1254 771 1274 une
787 1243 964 1284 gradation
983 1249 1076 1275 entre
1094 1245 1123 1275 le
1141 1242 1241 1284 regne
1259 1244 1382 1274 animal
1402 1249 1435 1275 et

89 1294 118 1324 le
136 1292 238 1335 regne
255 1292 398 1334 vegetal.
420 1312 460 1316 —
478 1291 583 1334 Quae
600 1291 632 1325 si
648 1294 778 1325 essent
794 1292 908 1333 facta,
928 1292 1075 1325 fierent.
1101 1293 1151 1324 Cf.
1172 1293 1259 1331 Cic.,
1278 1294 1331 1324 De
1346 1294 1430 1330 div„

89 1351 121 1380 2,
141 1349 182 1382 97
199 1355 206 1374 z
223 1343 266 1373 Si
279 1344 368 1374 enim
385 1347 464 1374 esset
467 1343 680 1384 jactitatum,
701 1354 766 1373 non
784 1347 863 1373 esset
879 1344 1020 1373 desitum
1033 1353 1047 1379 ς
1071 1343 1234 1373 neminem
1253 1347 1362 1373 aulem
1376 1342 1434 1372 lta-

89 1393 200 1423 bemus
215 1396 377 1423 auctorem
394 1393 458 1433 qui
472 1393 511 1422 id
522 1397 582 1422 aut
594 1392 674 1429 fieri
688 1393 775 1422 dicat
791 1397 851 1422 aut
865 1392 1000 1433 sactum
1018 1392 1107 1422 sciat.
1130 1392 1174 1422 Et
1198 1391 1352 1433 ci-apres,
1383 1399 1437 1428 21,

93 1450 127 1471 11
150 1453 156 1472 z
179 1441 251 1472 Cur
264 1441 365 1478 enim,
385 1442 417 1471 si
431 1442 508 1471 nati
532 1446 622 1478 sunl,
652 1452 717 1471 non
743 1441 898 1481 hodieque
924 1441 1136 1471 nascuntur?
1162 1460 1203 1464 —
1229 1440 1309 1473 Nee
1334 1439 1438 1473 facta

89 1491 187 1523 sunt.
208 1490 260 1521 De
277 1489 388 1521 meme
404 1500 469 1531 que
486 1495 516 1520 et
532 1495 581 1520 est
598 1495 741 1520 souvent
767 1490 830 1520 mis
855 1500 939 1530 pour
962 1491 1074 1527 etiam,
1095 1501 1150 1521 uec
1168 1491 1337 1532 remplace
1354 1500 1433 1521 ne...

89 1540 221 1580 quidem
248 1547 339 1580 «pas
366 1538 505 1571 mssme»
534 1550 577 1571 ou
605 1547 696 1581 «pas
723 1550 791 1570 non
818 1540 949 1580 plus»3
977 1539 1018 1570 cf.
1051 1547 1104 1577 22,
1130 1550 1150 1578 4
1177 1546 1210 1571 et
1240 1547 1283 1581 53
1308 1539 1361 1577 28,
1391 1547 1436 1579 33

92 1597 145 1629 30,
166 1588 196 1619 6.

134 1685 167 1719 5.
196 1684 303 1727 Erga
319 1685 412 1718 deos
439 1699 468 1712 =
502 1687 538 1717 de
563 1687 643 1725 deis,
674 1684 754 1730 περὶ
776 1687 847 1717 τῶν
872 1687 973 1725 θεῶν,
1004 1694 1078 1718 «au
1101 1686 1185 1727 sujet
1210 1687 1269 1718 des
1292 1687 1435 1720 dieux».

91 1735 174 1766 Sens
202 1735 463 1776 post-classique
489 1735 638 1774 (Tacite,
667 1735 761 1767 Pline
779 1736 809 1767 le
823 1736 958 1776 Jeune).
979 1755 1021 1758 —
1046 1734 1263 1777 Improvidi,
1290 1734 1438 1776 creduli,

88 1783 252 1825 asyndete
268 1783 288 1815 ὸ.
304 1783 391 1815 deux
409 1784 576 1816 membres
591 1796 600 1822 ;
618 1784 656 1815 cf.
677 1794 705 1825 3,
721 1784 751 1816 6.
772 1784 860 1823 Cic.,
880 1786 987 1822 Lael„
1004 1785 1057 1823 26,
1080 1793 1161 1816 loo:
1181 1786 1441 1826 improvidorum

90 1837 120 1863 et
142 1833 349 1863 credulorum
371 1843 496 1863 senum.
527 1833 577 1864 Cf.
613 1841 663 1872 14,
683 1833 726 1864 6:
755 1834 886 1864 incaute
912 1834 1046 1865 creduli.
1069 1852 1109 1856 —
1129 1833 1225 1865 Dum
1245 1840 1262 1865 «
1278 1844 1320 1865 en
1338 1841 1370 1873 )>,
1396 1834 1438 1866 cf.

91 1881 144 1912 ch.
164 1882 196 1920 6,
213 1890 243 1912 2.
262 1899 294 1904 —
310 1880 517 1914 Defunctos
534 1890 611 1921 eos,
631 1887 664 1913 et
680 1893 721 1913 au
739 1883 755 1919 ἓ
771 1883 791 1913 6
808 1894 815 1913 :
833 1883 1006 1924 defunctis.
1027 1882 1122 1923 Virg.
1138 1881 1289 1923 (Gemgn,
1311 1892 1342 1921 4,
1362 1884 1440 1923 475)

91 1942 110 1961 a
134 1929 184 1961 dit
211 1930 385 1972 destructus
408 1931 489 1961 vita.
522 1931 607 1962 Sous
633 1930 796 1972 l’Empire
819 1932 994 1972 defunctus
1010 1930 1184 1972 s'emploie
1201 1937 1344 1963 souvent
1369 1932 1440 1963 seul

93 1989 176 2020 pour
192 1983 344 2010 mortuus
360 1989 419 2019 par
436 1977 665 2020 euphemisme
682 1991 690 2017 ;
707 1980 750 2012 de
767 1980 798 2011 1:¹³⁴
817 1987 834 2011 «
846 1979 962 2011 defunt
978 1988 1006 2013 )>,
1026 1999 1068 2003 ——-
1089 1978 1318 2021 Imaginibus
1335 1987 1353 2012 <(
1365 1991 1440 2022 por-

94 2027 190 2059 traits
202 2035 231 2060 )).
264 2046 306 2051 —-
333 2027 540 2060 Memorias
568 2029 672 2061 «leur
698 2028 908 2065 souvenir»3
933 2030 964 2061 le
988 2029 1070 2060 latin
1094 2029 1242 2070 emploie
1260 2030 1289 2060 le
1306 2029 1440 2070 pluriel,

93 2087 192 2118 parce
216 2075 297 2117 qu’il
313 2088 334 2117 y
350 2087 369 2107 a
385 2076 550 2118 plusieurs
567 2088 788 2119 possesseurs.
808 2097 849 2101 -
875 2077 995 2111 Sacra
1019 2084 1036 2109 «
1048 2078 1165 2120 l’objet
1192 2077 1272 2109 d’un
1299 2078 1416 2111 culte»
1433 2089 1442 2116 ;

92 2126 213 2156 solacia
230 2132 247 2157 «
258 2126 362 2166 sujets
378 2126 420 2157 de
437 2127 646 2158 consolation
661 2135 688 2158 )>,

139 2223 170 2258 6.
200 2222 371 2256 Muneris
395 2224 578 2263 «bienfait,
598 2225 802 2257 decouverte
819 2225 946 2257 utile».
968 2223 1055 2263 Cic.,
1086 2225 1138 2256 De
1162 2230 1229 2256 nat.
1258 2226 1303 2263 d.,
1325 2233 1355 2265 3,
1377 2233 1441 2266 50:

97 2276 208 2314 Atque
226 2275 264 2305 in
278 2275 442 2315 plerisque
458 2275 649 2305 civitatibus
675 2275 824 2315 intellegi
841 2279 945 2315 potest
970 2275 1136 2315 augendae
1158 2276 1299 2305 virtutis
1311 2276 1440 2315 gralia,

99 2333 164 2363 quo
180 2323 339 2354 libentius
351 2324 547 2364 respublicae
558 2335 658 2354 causa
668 2324 857 2364 periculum
883 2324 990 2354 adiret
1012 2325 1156 2364 optimus
1178 2325 1328 2364 quisque,
1355 2325 1440 2354 viro·

103 2382 180 2403 rum
186 2371 335 2414 fortium
353 2373 544 2403 memoriam
562 2373 681 2403 lzonore
697 2373 829 2403 deornm
847 2373 1088 2403 immortalium
1103 2377 1328 2403 consecratam.
