1619 2596
476 66 758 97 CHAPITRES
797 66 1082 98 XXII-XXIII.
1391 67 1453 110 25-

168 180 259 233 (Ιο),
278 181 380 229 Quis
401 193 482 218 non
503 180 705 228 intellegat
727 181 830 218 male
851 193 970 218 sanos
990 188 1028 217 et
1058 192 1182 217 vanae
1212 186 1250 217 et
1280 179 1458 228 perditae

115 246 260 285 mentis
279 246 321 284 in
349 246 422 284 ista
453 245 634 294 desipere
666 251 704 282 et
736 244 862 295 ipsam
889 244 1101 283 errantium
1133 244 1287 281 turbam
1321 251 1456 282 mutua

114 311 189 350 sibi
223 311 442 360 patrocinia
463 311 696 359 praestare?
733 309 812 347 Hic
844 310 1024 348 defensio
1065 309 1289 347 communis
1318 309 1457 347 furoris

115 384 173 415 est
194 375 409 414 furentium
431 373 660 412 multitudo.

169 442 333 478 XXIII.
361 439 584 480 Considera
614 438 789 487 denique
820 452 928 477 sacra
959 440 1043 490 ipsa
1067 448 1104 477 et
1134 439 1219 489 ipsa
1247 438 1456 488 mysteria:

116 505 294 544 invenies
315 505 443 543 exitus
464 505 605 550 tristes,
638 505 715 541 fata
745 513 783 542 et
809 505 946 542 funera
976 512 1020 542 et·
1035 506 1164 542 luctus
1185 513 1305 554 atque
1326 505 1467 553 plane<

116 579 180 609 tus
195 571 428 610 miserorum
443 571 621 608 deorum.
641 571 716 607 Isis
735 569 933 619 perditum
952 570 1074 607 filium
1094 583 1185 607 cum
1196 570 1458 618 Cynocepha-

116 639 156 675 lo
176 649 249 674 suo
264 644 301 674 et
317 635 438 674 calvis
455 634 730 673 sacerdotibus
752 635 869 683 luget,
894 634 1056 684 plangit,
1079 634 1251 684 inquirit,
1277 643 1315 672 et
1338 634 1456 672 Isiaci

118 701 250 739 miseri
289 702 462 739 caedunt
496 708 658 750 pectora
697 708 734 738 et
774 701 955 737 dolorem
997 699 1291 737 infelicissimae
1324 699 1458 737 matris

117 767 323 805 imitantur
341 782 348 804 :
372 779 462 804 mox
482 765 645 804 invento
676 766 839 814 parvulo
859 766 1006 814 gaudet
1029 765 1114 811 Isis,
1137 766 1314 803 exultant
1335 778 1459 803 sacer-

116 833 244 877 dotes,
271 832 582 881 Cynocephalus
604 830 787 868 inventor
813 830 1011 879 gloriatur,
1034 843 1109 868 nec
1137 830 1324 868 desinunt
1344 830 1458 868 annis

116 897 306 936 omnibus
343 898 404 935 vel
446 897 610 945 perdere
650 897 759 944 quod
795 895 1002 933 inveniunt
1037 897 1098 933 vel
1137 894 1315 933 invenire
1350 894 1458 945 quod

115 963 301 1012 perdunt.
326 962 385 1010 (2)
408 962 556 999 Nonne
587 960 798 998 ridiculum
821 969 879 997 est
902 961 962 998 vel
984 962 1115 1009 lugere
1137 960 1247 1009 quod
1268 961 1376 998 colas
1397 961 1458 998 vel

114 1028 247 1064 colere
267 1027 378 1076 quod
399 1027 566 1076 lugeas?
599 1027 712 1064 Haec
743 1034 875 1063 tamen
907 1025 1102 1074 Aegyptia
1123 1025 1329 1072 quondam
1353 1037 1460 1062 nunc

116 1099 155 1130 et
177 1104 286 1129 sacra
300 1093 485 1129 Romana
501 1099 606 1129 sunt.
627 1092 686 1140 (3)
708 1092 828 1129 Ceres
850 1090 1002 1128 facibus
1019 1090 1196 1128 accensis
1218 1098 1255 1129 et
1277 1098 1460 1139 serpente

116 1156 363 1194 circumdata
384 1169 513 1194 errore
543 1156 774 1206 subreptam
802 1164 840 1193 et
871 1163 1098 1204 corruptam
1132 1156 1315 1193 Liberam
1345 1155 1461 1192 anxia

116 1228 155 1257 et
176 1219 347 1258 sollicita
367 1220 557 1270 vestigat:
580 1222 678 1258 haec
709 1228 799 1257 sunt
824 1220 1038 1259 Eleusinia.
1065 1220 1123 1269 (4)
1147 1221 1197 1258 Et
1218 1233 1320 1269 quae
1350 1220 1460 1269 Jovis

116 1298 226 1322 sacra
256 1287 379 1323 sunt?
413 1285 555 1323 Nutrix
587 1287 741 1336 capella
771 1295 829 1323 est
865 1294 902 1322 et
934 1284 1051 1322 avido
1082 1285 1181 1334 patri
1219 1285 1461 1323 subtrahitur

115 1349 259 1396 infans,
275 1365 327 1389 ne
347 1360 515 1398 voretur,
538 1360 577 1389 et
598 1351 873 1400 Corybantum
896 1350 1100 1399 cymbalis,
1123 1365 1172 1388 ne
1194 1358 1305 1401 pater
1324 1350 1461 1389 audiat

116 1414 282 1465 vagitus,
301 1415 467 1454 tinnitus
488 1415 710 1454 eliditur....

172 1480 232 1530 (5)
255 1481 391 1529 Quid?
410 1482 560 1519 formae
582 1481 691 1530 ipsae
713 1489 749 1518 et
773 1481 932 1518 habitus
953 1493 1085 1518 nonne
1105 1488 1275 1531 arguunt
1291 1481 1462 1519 ludibria

116 1553 155 1584 et
175 1546 368 1584 dedecora
388 1547 553 1584 deorum
586 1548 840 1584 vestrorum?
874 1547 1076 1583 Vulcanus
1105 1547 1273 1584 claudus
1303 1547 1402 1584 deus
1423 1554 1462 1584 et

116 1610 273 1655 debilis,
297 1612 445 1660 Apollo
467 1618 525 1649 tot
554 1611 754 1649 aetatibus
777 1610 885 1656 levis,
911 1611 1176 1660 Aesculapius
1199 1612 1301 1650 bene
1324 1611 1462 1649 barba-

116 1683 178 1713 tus
216 1675 290 1713 etsi
330 1689 487 1725 semper
525 1675 795 1714 adulescentis
845 1675 1045 1726 Apollinis
1085 1675 1201 1722 filius,
1247 1676 1461 1725 Neptunus

115 1741 266 1791 glaucis
314 1741 450 1788 oculis,
497 1742 677 1779 Minerva
717 1741 868 1788 caesiis,
922 1741 1081 1778 bubulis
1129 1742 1248 1790 Juno,
1290 1741 1462 1790 pedibus

120 1805 345 1844 Mercurius
364 1806 487 1852 alatis,
513 1808 595 1844 Pan
618 1807 827 1856 ungulatis,
851 1807 1042 1844 Saturnus
1063 1806 1314 1855 compeditis.
1338 1808 1462 1855 Janus

117 1884 211 1909 vero
231 1872 379 1909 frontes
409 1872 508 1910 duas
538 1880 676 1921 gestat,
709 1872 822 1921 quasi
854 1881 892 1909 et
920 1884 1080 1909 aversus
1112 1872 1300 1918 incedat,
1334 1871 1462 1909 Diana

118 1936 275 1974 interim
315 1944 375 1974 est
412 1938 491 1974 alte
531 1937 733 1974 succincta
773 1937 958 1982 venatrix,
994 1945 1032 1974 et
1064 1937 1238 1986 Ephesia
1279 1937 1461 1975 mammis

120 2001 254 2039 multis
293 2009 330 2039 et
370 2001 552 2040 uberibus
592 2009 779 2049 extructa,
803 2010 840 2039 et
876 2001 1011 2038 'l'rivia
1044 2001 1154 2038 trinis
1189 2001 1386 2050 capitibus
1423 2010 1462 2040 et

118 2065 253 2104 multis
284 2066 468 2104 manibus
500 2066 692 2104 horrifica.
732 2066 790 2115 (6)
827 2066 935 2114 Quid
972 2066 1054 2115 ipse
1089 2067 1273 2116 Juppiter
1304 2068 1462 2105 vester?

120 2132 244 2170 modo
278 2131 452 2170 inberbis
482 2130 675 2177 statuitur,
710 2133 831 2169 modo
863 2132 1050 2169 barbatus
1089 2132 1267 2178 locatur,
1297 2140 1335 2169 et
1370 2145 1460 2175 cum

121 2198 330 2235 Hammon
361 2197 516 2243 dicitur,
549 2197 667 2234 habet
698 2209 858 2239 cornua.
891 2206 928 2234 et
959 2210 1048 2234 cum
1080 2196 1343 2246 Capitolinus,
1367 2204 1462 2234 tunc

118 2261 217 2311 gerit
237 2263 415 2308 fulmina,
447 2270 485 2300 et
514 2275 605 2299 cum
638 2262 815 2307 Latiaris,
847 2274 984 2299 cruore
1015 2261 1275 2312 perfunditur,
1311 2270 1462 2300 etcum

121 2327 330 2374 Feretrius,
370 2341 507 2364 corona
554 2326 739 2364 induitur.
778 2328 838 2373 Et,
877 2340 926 2364 ne
965 2326 1119 2376 longius
1159 2328 1303 2364 multos
1342 2328 1461 2375 Joves
