1619 2596
137 44 164 89 8
672 59 933 91 oc'ravrus.

125 170 193 219 qui
216 180 381 221 uterque
403 173 534 210 nullos
555 173 652 210 deos
687 173 960 211 adseverando
982 173 1164 211 timorem
1187 187 1360 220 omnem,
1390 187 1473 226 quo

121 236 350 274 humanitas
391 237 546 286 regitur,
589 237 969 288 venerationemque
1003 239 1162 288 penitus
1202 240 1472 280 sustulerunt:

119 314 341 351 numquam
381 311 515 340 tamen
557 302 595 339 in
636 303 711 340 hac
752 302 967 352 impietatis
1007 303 1219 353 disciplina
1260 303 1471 344 simulatae

121 366 398 416 philosophiae
430 367 595 405 nomine
621 375 740 417 atque
767 367 1002 407 auctoritate
1030 369 1249 418 pollebunt.
1274 370 1333 418 (3)
1366 371 1470 409 Cum

122 431 345 469 Abderiten
384 433 637 481 Protagoram
670 430 938 470 Athenienses
987 433 1055 470 viri
1105 435 1289 472 consulte
1336 435 1469 484 potius

121 508 240 545 quam
270 497 434 545 profane
470 498 520 535 de
549 497 759 535 divinitate
779 497 1051 547 disputantem
1087 506 1124 536 et
1145 499 1366 548 expulerint
1390 500 1471 538 suis

121 560 268 599 finibus
289 569 327 599 et
349 562 388 598 in
410 562 600 600 contione
621 563 704 611 ejus
727 563 874 612 scripta
889 563 1125 610 deusserint,
1145 564 1268 614 quid?
1282 565 1467 604 homines

119 625 389 673 (sustinebitis
413 628 520 665 enim
555 641 617 666 me
638 627 835 678 impetum
868 637 1078 678 susceptae
1105 629 1275 667 actionis
1307 629 1468 669 liberius

118 693 363 740 exerentem)
385 692 584 737 homines,
604 692 784 742 inquam,
802 694 1044 742 deploratae,
1071 693 1245 732 inlicitae
1265 707 1311 732 ac
1331 695 1469 745 despe-

120 763 228 794 ratae
260 757 443 794 factionis
475 758 637 806 grassari
674 757 713 794 in
749 758 847 796 deos
877 771 957 796 non
992 759 1350 809 ingemescendum
1378 761 1469 798 est?

121 821 179 869 (4)
198 820 278 869 Qui
297 822 347 860 de
363 821 503 860 ultima
515 823 626 861 faece
646 822 825 861 collectis
846 822 1161 873 imperitioribus
1179 832 1216 863 et
1239 824 1469 863 mulieribus
1485 828 1490 833 ‘

119 886 292 924 credulis
330 900 446 925 sexus
485 887 544 925 sui
586 888 774 926 facilitate
809 885 1038 926 labentibus
1078 890 1235 938 plebem
1278 891 1467 939 profanae

118 952 406 1000 conjurationis
427 952 652 1000 instituunt,
674 966 775 1003 quae
797 953 1004 991 nocturnis
1032 954 1408 1005 congregationibus
1430 965 1468 993 et

117 1016 279 1065 jejuniis
295 1018 558 1056 sollemnibus
588 1028 626 1056 et
647 1018 878 1056 inhumanis
899 1018 999 1057 cibis
1030 1032 1112 1057 non
1144 1032 1255 1058 sacro
1276 1021 1466 1069 quodam,

118 1083 187 1119 sed
227 1081 385 1131 piaculo
426 1084 662 1128 foederatur,
706 1083 906 1122 latebrosa
963 1091 1002 1122 et
1041 1084 1214 1135 lucifuga
1259 1085 1378 1131 natio,
1425 1085 1463 1123 in

117 1147 322 1196 publicum
343 1158 463 1193 muta,
500 1149 539 1186 in
561 1148 716 1198 angulis
736 1151 890 1199 garrula
913 1166 918 1187 :
957 1151 1105 1199 templa
1137 1157 1179 1188 ut
1201 1150 1317 1188 busta
1337 1151 1465 1201 despi-

116 1212 239 1257 ciunt,
263 1214 363 1251 deos
384 1215 598 1263 despuunt,
621 1214 751 1252 rident
773 1228 893 1260 sacra,
912 1215 1149 1253 miserentur
1178 1215 1307 1254 miseri
1337 1215 1385 1265 (si
1406 1217 1464 1254 fas

116 1278 194 1323 est)
243 1280 513 1325 sacerdotum,
560 1281 732 1318 honores
771 1288 810 1318 et
857 1293 1050 1330 purpuras
1097 1281 1339 1331 despiciunt,
1389 1281 1462 1331 ipsi

117 1343 336 1381 seminudi!
359 1345 417 1393 (5)
460 1345 535 1382 Pro
576 1344 672 1382 mira
711 1344 878 1383 stultitia
912 1353 950 1384 et
989 1345 1233 1385 incredibilis
1271 1346 1464 1385 audacia!

116 1416 308 1457 spernunt
322 1416 520 1447 tormenta
536 1410 770 1460 praesentia,
790 1412 885 1449 dum
901 1411 1053 1449 incerta
1069 1419 1252 1450 metuunt
1268 1419 1306 1450 et
1322 1413 1462 1458 futura,

117 1481 154 1511 et
171 1475 268 1511 dum
290 1475 388 1512 mori
410 1484 498 1524 post
522 1483 690 1513 mortem
712 1476 868 1520 timent,
892 1475 1046 1515 interim
1070 1476 1170 1515 mori
1192 1489 1273 1515 non
1295 1477 1436 1514 timent
1455 1489 1462 1512 :

114 1538 166 1576 ita
187 1538 263 1576 illis
284 1552 470 1588 pavorem
495 1541 611 1578 fallax
631 1554 720 1590 spes
743 1541 892 1579 solacia.
913 1541 1088 1580 rediviva
1110 1542 1326 1580 blanditur.

170 1605 243 1641 IX.
274 1606 334 1642 Ac
357 1606 450 1653 jam,
484 1615 525 1643 ut
560 1607 770 1644 fecundius
798 1607 991 1656 nequiora
1027 1608 1277 1657 proveniunt,
1307 1620 1463 1657 serpen-

111 1669 220 1708 tibus
240 1669 280 1707 in
296 1670 382 1707 dies
405 1671 568 1720 perditis
587 1671 763 1709 moribus
793 1685 863 1722 per
885 1672 1114 1711 universum
1135 1672 1274 1710 orbem
1295 1672 1464 1710 sacraria

110 1734 186 1772 ista
205 1735 432 1773 taeterrima
453 1736 600 1786 impiae
621 1737 810 1775 coitionis
831 1739 1078 1776 adolescunt.
1100 1739 1290 1776 Eruenda
1304 1751 1462 1788 prorsus

112 1801 212 1838 haec
225 1808 263 1838 et
283 1802 506 1839 execranda
527 1803 750 1841 consensio.
771 1804 830 1852 (2)
853 1803 1033 1842 Occultis
1057 1817 1099 1841 se
1120 1803 1225 1842 notis
1245 1811 1284 1842 et
1304 1803 1463 1853 insigni-

115 1865 187 1902 bus
221 1874 394 1904 noscunt
423 1874 462 1905 et
492 1875 627 1905 amant
658 1876 808 1914 mutuo,
844 1881 970 1918 paene
1001 1876 1217 1918 antequam
1258 1869 1461 1907 noverint:

113 1930 261 1978 passim
297 1930 418 1969 etiam
453 1931 555 1969 inter
586 1945 655 1970 eos
688 1934 795 1970 velut
834 1934 1033 1983 quaedam
1068 1932 1282 1971 libidinum
1322 1933 1462 1983 religio

113 1994 311 2042 miscetur,
348 2008 395 2034 ac
433 2010 474 2034 se
513 1997 709 2046 promisce
741 1999 946 2048 appellant
979 1999 1113 2035 fratres
1152 2005 1191 2035 et
1225 2010 1390 2045 sorores,
1418 2007 1462 2036 ut

110 2060 229 2097 etiam
267 2073 349 2098 non
382 2061 560 2099 insolens
600 2070 780 2112 stuprum
821 2063 1106 2102 intercessione
1145 2063 1245 2101 sacri
1285 2063 1459 2101 nominis

112 2125 180 2162 fiat
197 2125 406 2164 incestum.
447 2128 507 2164 Ita
528 2140 664 2166 eornm
688 2141 788 2166 vana
817 2138 854 2166 et
871 2130 1039 2167 demens
1061 2128 1289 2178 superstitio
1308 2128 1462 2167 sceleri—

111 2189 186 2228 bus
226 2190 518 2240 gloriatur!(3)
557 2193 642 2230 Nec
683 2193 733 2230 de
773 2192 878 2242 ipsis,
917 2192 989 2231 nisi
1031 2193 1265 2231 subsisteret
1304 2193 1459 2240 veritas,

113 2254 283 2292 maxime
305 2255 445 2293 nefaria
465 2265 504 2293 et
527 2257 678 2295 bonore
710 2258 926 2306 praefanda
958 2271 1076 2307 sagax
1096 2259 1200 2295 fama
1221 2259 1457 2306 loqueretur.

113 2318 248 2357 Audio
286 2333 355 2358 eos
394 2320 645 2370 turpissimae
683 2321 846 2371 pecudis
885 2332 1004 2372 caput
1043 2321 1144 2360 asini
1179 2328 1458 2359 consecratum
