1619 2596
533 96 791 129 CHAPITRE
827 94 1008 125 XXVIII.
1358 92 1447 137 147

106 211 213 243 forme
229 211 392 253 insparsis
406 217 456 241 est
471 210 661 251 archa‘ique,
680 219 764 250 pour
780 208 946 249 inspersis.
967 225 1007 229 —-
1023 205 1081 238 Ab
1099 203 1201 247 ipsis,
1231 217 1315 247 pour
1340 207 1378 237 ab
1403 207 1450 237 eis

107 272 152 292 ou
168 262 249 299 illis,
269 271 346 293 sens
360 259 486 291 affaibli
502 271 511 297 ;
528 270 603 300 voy.
624 267 656 298 9,
678 267 707 298 3.

151 360 220 396 7-9.
241 359 398 402 deonse
421 370 462 390 au
488 359 542 391 ch.
569 368 602 398 9,
633 367 661 398 3.
691 358 741 390 Cf.
770 358 928 395 Tertull„
947 358 1059 398 Apol„
1083 357 1130 387 16.
1151 373 1191 377 —
1211 354 1301 387 Inde
1319 355 1451 397 (illud)

108 413 168 444 est
184 409 277 453 quod
293 417 312 442 <(
329 409 407 442 c’est
427 408 524 440 d'eux
544 419 608 450 que
629 408 718 439 vient
739 413 824 438 cette
839 407 926 438 sable
946 417 1051 448 que...
1070 414 1088 438 »
1106 406 1157 438 Cf.
1178 414 1230 444 27,
1253 414 1270 446 3
1286 417 1293 436 :
1311 406 1399 444 hinc,
1419 412 1452 437 et

399 2025 519 2052 Graffito
533 2026 572 2051 du
588 2025 709 2051 palatin.
725 2026 900 2051 Alexamfene
913 2026 998 2051 adore
1012 2034 1061 2051 son
1075 2025 1150 2051 dieu.

103 2141 148 2170 4:
166 2132 203 2162 de
219 2132 313 2172 zpsis.
329 2148 371 2154 -—
391 2131 488 2170 Quod
498 2131 591 2168 dicis,
609 2141 650 2161 au
667 2130 720 2161 ch.
740 2138 771 2169 9,
791 2138 821 2170 3.
842 2149 883 2152 —
902 2127 987 2161 Nisi
1010 2128 1109 2171 quod
1133 2135 1198 2161 sert
1223 2129 1241 2160 {a
1266 2129 1451 2161 introduire

104 2191 170 2212 une
186 2179 373 2211 correction
389 2178 564 2220 ironique:
582 2179 636 2213 «il
649 2185 699 2210 est
716 2179 785 2209 vrai
801 2189 867 2220 que
881 2187 911 2211 ».

149 2229 200 2261 Et
224 2230 326 2261 totos
355 2228 482 2260 asinos
510 2235 528 2260 «
544 2227 666 2264 miffme,
696 2227 830 2269 jusq11'i2
855 2227 914 2259 des
937 2227 1017 2259 §nes
1040 2232 1112 2259 tout
1136 2227 1258 2259 entiers
1275 2235 1306 2266 ))‚
1337 2233 1370 2259 et
1393 2238 1452 2269 pas

105 2279 292 2310 seulement
309 2289 330 2308 u
356 2289 374 2309 e
389 2276 456 2309 tete
472 2276 581 2308 d'ane.
601 2294 642 2299 --
660 2275 753 2309 Cum
769 2278 894 2309 vestra
908 2276 968 2309 vel
984 2276 1115 2318 Epona
1135 2290 1164 2303 z
1185 2278 1239 2308 vel
1252 2288 1326 2308 cum
1343 2282 1452 2308 vestm

106 2328 236 2370 Epona.
273 2327 330 2358 Vel
357 2338 387 2352 =
413 2331 454 2365 ct,
480 2327 579 2357 etiam
608 2325 779 2358 «ωὲωε»
804 2336 847 2357 ou
873 2334 963 2367 «par
987 2327 1142 2367 exemple
1155 2334 1182 2358 >>.
1211 2327 1369 2364 Tertull.,
1396 2327 1457 2357 Ad

105 2381 192 2415 nat„
215 2385 243 2415 1,
270 2384 305 2407 11
324 2388 333 2408 :
360 2376 448 2407 Sane
471 2386 526 2406 vos
541 2380 619 2406 totos
643 2375 753 2406 asinos
777 2376 882 2406 colitis
898 2376 936 2407 et
958 2386 1032 2406 cum
1048 2387 1112 2406 sua
1128 2376 1257 2414 Epona,
1285 2381 1316 2406 et
1338 2377 1452 2407 omnia
