<?xml version="1.0" encoding="UTF-8"?>
<!DOCTYPE html PUBLIC "-//W3C//DTD XHTML 1.0 Transitional//EN"
    "http://www.w3.org/TR/xhtml1/DTD/xhtml1-transitional.dtd">
<html xmlns="http://www.w3.org/1999/xhtml" xml:lang="en" lang="en">
 <head>
  <title>
</title>
<meta http-equiv="Content-Type" content="text/html;charset=utf-8" />
  <meta name='ocr-system' content='tesseract 3.04.00' />
  <meta name='ocr-capabilities' content='ocr_page ocr_carea ocr_par ocr_line ocrx_word'/>
</head>
<body>
  <div class='ocr_page' id='page_1' title='image "./octaviusparjpwal00minuuoft_0176.png"; bbox 0 0 1619 2596; ppageno 0'>
   <div class='ocr_carea' id='block_1_1' title="bbox 174 69 1035 127">
    <p class='ocr_par' dir='ltr' id='par_1_1' title="bbox 174 69 1035 127">
     <span class='ocr_line' id='line_1_1' title="bbox 174 69 1035 127; baseline 0.002 -13"><span class='ocrx_word' id='word_1_1' title='bbox 174 69 267 127; x_wconf 85' lang='lat'>138</span> <span class='ocrx_word' id='word_1_2' title='bbox 641 83 1035 116; x_wconf 79' lang='lat' dir='ltr'><strong>COMMENTAIRE.</strong></span> 
     </span>
    </p>
   </div>
   <div class='ocr_carea' id='block_1_2' title="bbox 164 194 1512 1071">
    <p class='ocr_par' dir='ltr' id='par_1_2' title="bbox 164 194 1512 1071">
     <span class='ocr_line' id='line_1_2' title="bbox 170 194 1509 236; baseline 0.001 -10"><span class='ocrx_word' id='word_1_3' title='bbox 170 196 216 226; x_wconf 80' lang='lat' dir='ltr'>les</span> <span class='ocrx_word' id='word_1_4' title='bbox 231 206 250 225; x_wconf 84' lang='lat' dir='ltr'>a</span> <span class='ocrx_word' id='word_1_5' title='bbox 268 194 373 236; x_wconf 73' lang='lat' dir='ltr'>prives</span> <span class='ocrx_word' id='word_1_6' title='bbox 389 196 471 227; x_wconf 83' lang='lat' dir='ltr'>de...</span> <span class='ocrx_word' id='word_1_7' title='bbox 485 196 568 231; x_wconf 70' lang='lat' dir='ltr'>Cic.,</span> <span class='ocrx_word' id='word_1_8' title='bbox 586 197 637 227; x_wconf 72' lang='lat' dir='ltr'>Dc</span> <span class='ocrx_word' id='word_1_9' title='bbox 653 208 734 234; x_wconf 56' lang='lat' dir='ltr'>sen„</span> <span class='ocrx_word' id='word_1_10' title='bbox 752 205 803 236; x_wconf 93' lang='lat'>77,</span> <span class='ocrx_word' id='word_1_11' title='bbox 823 198 870 228; x_wconf 88' lang='lat' dir='ltr'>dit</span> <span class='ocrx_word' id='word_1_12' title='bbox 886 210 892 228; x_wconf 74' lang='grc' dir='ltr'>ε</span> <span class='ocrx_word' id='word_1_13' title='bbox 912 199 974 228; x_wconf 80' lang='lat' dir='ltr'>Est</span> <span class='ocrx_word' id='word_1_14' title='bbox 989 199 1125 229; x_wconf 81' lang='lat' dir='ltr'>animus</span> <span class='ocrx_word' id='word_1_15' title='bbox 1137 199 1278 228; x_wconf 72' lang='lat' dir='ltr'>caelestis</span> <span class='ocrx_word' id='word_1_16' title='bbox 1293 208 1333 228; x_wconf 70' lang='lat' dir='ltr'>ex</span> <span class='ocrx_word' id='word_1_17' title='bbox 1348 198 1509 228; x_wconf 78' lang='lat' dir='ltr'>altissimo</span> 
     </span>
     <span class='ocr_line' id='line_1_3' title="bbox 168 244 1508 286; baseline 0.001 -12"><span class='ocrx_word' id='word_1_18' title='bbox 168 244 330 274; x_wconf 67' lang='lat' dir='ltr'>doml&#39;st&#39;lio</span> <span class='ocrx_word' id='word_1_19' title='bbox 346 245 512 285; x_wconf 48' lang='lat' dir='ltr'>depressus</span> <span class='ocrx_word' id='word_1_20' title='bbox 527 250 556 275; x_wconf 69' lang='lat' dir='ltr'>ct</span> <span class='ocrx_word' id='word_1_21' title='bbox 571 247 672 286; x_wconf 72' lang='lat' dir='ltr'>quasi</span> <span class='ocrx_word' id='word_1_22' title='bbox 685 247 848 277; x_wconf 66' lang='lat' dir='ltr'>demersus</span> <span class='ocrx_word' id='word_1_23' title='bbox 865 248 901 277; x_wconf 75' lang='lat' dir='ltr'>in</span> <span class='ocrx_word' id='word_1_24' title='bbox 918 252 1052 277; x_wconf 62' lang='lat' dir='ltr'>terram.</span> <span class='ocrx_word' id='word_1_25' title='bbox 1067 265 1107 269; x_wconf 89' lang='lat'><strong>—</strong></span> <span class='ocrx_word' id='word_1_26' title='bbox 1120 244 1292 284; x_wconf 81' lang='lat' dir='ltr'>Labibus,</span> <span class='ocrx_word' id='word_1_27' title='bbox 1313 246 1351 277; x_wconf 85' lang='lat' dir='ltr'>cs.</span> <span class='ocrx_word' id='word_1_28' title='bbox 1373 254 1403 286; x_wconf 87' lang='lat'>3,</span> <span class='ocrx_word' id='word_1_29' title='bbox 1424 252 1452 286; x_wconf 79' lang='grc'>5.</span> <span class='ocrx_word' id='word_1_30' title='bbox 1466 263 1508 269; x_wconf 95' lang='lat'>-</span> 
     </span>
     <span class='ocr_line' id='line_1_4' title="bbox 167 292 1510 336; baseline 0.002 -13"><span class='ocrx_word' id='word_1_31' title='bbox 167 292 319 324; x_wconf 78' lang='lat' dir='ltr'>Certains</span> <span class='ocrx_word' id='word_1_32' title='bbox 336 300 421 324; x_wconf 75' lang='lat' dir='ltr'>mots</span> <span class='ocrx_word' id='word_1_33' title='bbox 438 295 600 325; x_wconf 75' lang='lat' dir='ltr'>semblent</span> <span class='ocrx_word' id='word_1_34' title='bbox 616 294 693 326; x_wconf 52' lang='lat' dir='ltr'>tires-</span> <span class='ocrx_word' id='word_1_35' title='bbox 709 295 750 325; x_wconf 88' lang='lat' dir='ltr'>‹le</span> <span class='ocrx_word' id='word_1_36' title='bbox 764 295 868 335; x_wconf 76' lang='lat' dir='ltr'>Virg.‚</span> <span class='ocrx_word' id='word_1_37' title='bbox 889 297 988 329; x_wconf 75' lang='grc' dir='ltr'><em>Αεη..</em></span> <span class='ocrx_word' id='word_1_38' title='bbox 1008 296 1038 328; x_wconf 84' lang='grc'>6,</span> <span class='ocrx_word' id='word_1_39' title='bbox 1060 303 1157 336; x_wconf 85' lang='lat'>730-2</span> <span class='ocrx_word' id='word_1_40' title='bbox 1175 301 1206 326; x_wconf 82' lang='lat' dir='ltr'>et</span> <span class='ocrx_word' id='word_1_41' title='bbox 1224 295 1333 335; x_wconf 76' lang='lat'>745-6.</span> <span class='ocrx_word' id='word_1_42' title='bbox 1353 313 1396 318; x_wconf 98' lang='lat'><strong>—</strong></span> <span class='ocrx_word' id='word_1_43' title='bbox 1412 292 1510 327; x_wconf 81' lang='lat' dir='ltr'>Sim-</span> 
     </span>
     <span class='ocr_line' id='line_1_5' title="bbox 169 339 1510 385; baseline 0.001 -13"><span class='ocrx_word' id='word_1_44' title='bbox 169 339 365 382; x_wconf 84' lang='lat' dir='ltr'>plicitatem</span> <span class='ocrx_word' id='word_1_45' title='bbox 389 341 618 374; x_wconf 80' lang='lat' dir='ltr'>substantiae</span> <span class='ocrx_word' id='word_1_46' title='bbox 635 353 651 374; x_wconf 86' lang='grc'>&lt;(</span> <span class='ocrx_word' id='word_1_47' title='bbox 671 345 700 374; x_wconf 81' lang='lat' dir='ltr'>la</span> <span class='ocrx_word' id='word_1_48' title='bbox 718 343 830 385; x_wconf 74' lang='lat' dir='ltr'>purete</span> <span class='ocrx_word' id='word_1_49' title='bbox 847 344 887 374; x_wconf 89' lang='lat' dir='ltr'>de</span> <span class='ocrx_word' id='word_1_50' title='bbox 904 345 972 374; x_wconf 89' lang='lat' dir='ltr'>leur</span> <span class='ocrx_word' id='word_1_51' title='bbox 989 345 1160 375; x_wconf 71' lang='lat' dir='ltr'>substance</span> <span class='ocrx_word' id='word_1_52' title='bbox 1180 352 1206 374; x_wconf 86' lang='lat'>».</span> <span class='ocrx_word' id='word_1_53' title='bbox 1235 345 1446 374; x_wconf 49' lang='lat' dir='ltr'>§ubstantiae</span> <span class='ocrx_word' id='word_1_54' title='bbox 1461 349 1510 374; x_wconf 87' lang='lat' dir='ltr'>est</span> 
     </span>
     <span class='ocr_line' id='line_1_6' title="bbox 169 389 1511 433; baseline 0.004 -14"><span class='ocrx_word' id='word_1_55' title='bbox 169 389 304 420; x_wconf 79' lang='lat' dir='ltr'>d&#39;abord</span> <span class='ocrx_word' id='word_1_56' title='bbox 331 391 413 421; x_wconf 76' lang='lat' dir='ltr'>(lans</span> <span class='ocrx_word' id='word_1_57' title='bbox 439 391 590 432; x_wconf 75' lang='lat' dir='ltr'>Seneque</span> <span class='ocrx_word' id='word_1_58' title='bbox 617 399 648 422; x_wconf 84' lang='lat' dir='ltr'>et</span> <span class='ocrx_word' id='word_1_59' title='bbox 674 392 756 423; x_wconf 75' lang='lat' dir='ltr'>dans</span> <span class='ocrx_word' id='word_1_60' title='bbox 781 392 973 433; x_wconf 82' lang='lat' dir='ltr'>Quintilien.</span> <span class='ocrx_word' id='word_1_61' title='bbox 994 411 1036 415; x_wconf 97' lang='lat'><strong>—</strong></span> <span class='ocrx_word' id='word_1_62' title='bbox 1052 391 1161 424; x_wconf 86' lang='lat' dir='ltr'>Vitiis</span> <span class='ocrx_word' id='word_1_63' title='bbox 1185 399 1233 424; x_wconf 66' lang='grc' dir='ltr'><strong>65ῒ</strong></span> <span class='ocrx_word' id='word_1_64' title='bbox 1259 403 1301 423; x_wconf 90' lang='lat' dir='ltr'>un</span> <span class='ocrx_word' id='word_1_65' title='bbox 1327 392 1412 423; x_wconf 85' lang='lat' dir='ltr'>datis</span> <span class='ocrx_word' id='word_1_66' title='bbox 1431 402 1511 424; x_wconf 80' lang='lat' dir='ltr'>avec</span> 
     </span>
     <span class='ocr_line' id='line_1_7' title="bbox 164 439 1509 482; baseline 0.003 -14"><span class='ocrx_word' id='word_1_67' title='bbox 164 439 328 475; x_wconf 56' lang='lat' dir='ltr'>inmerszss:</span> <span class='ocrx_word' id='word_1_68' title='bbox 348 451 426 470; x_wconf 76' lang='lat' dir='ltr'>avec</span> <span class='ocrx_word' id='word_1_69' title='bbox 451 441 572 478; x_wconf 62' lang='lat' dir='ltr'><em>onum,</em></span> <span class='ocrx_word' id='word_1_70' title='bbox 593 441 614 471; x_wconf 92' lang='lat' dir='ltr'>il</span> <span class='ocrx_word' id='word_1_71' title='bbox 640 440 707 472; x_wconf 83' lang='lat' dir='ltr'>faut</span> <span class='ocrx_word' id='word_1_72' title='bbox 734 442 762 472; x_wconf 81' lang='lat' dir='ltr'>le</span> <span class='ocrx_word' id='word_1_73' title='bbox 790 442 1037 472; x_wconf 81' lang='lat' dir='ltr'>sous-entendre</span> <span class='ocrx_word' id='word_1_74' title='bbox 1061 440 1080 472; x_wconf 78' lang='grc' dir='ltr'>ὲ</span> <span class='ocrx_word' id='word_1_75' title='bbox 1096 441 1183 472; x_wconf 75' lang='lat' dir='ltr'>l‘abl.</span> <span class='ocrx_word' id='word_1_76' title='bbox 1199 453 1206 478; x_wconf 90' lang='lat'>;</span> <span class='ocrx_word' id='word_1_77' title='bbox 1223 441 1262 472; x_wconf 88' lang='lat' dir='ltr'>cs.</span> <span class='ocrx_word' id='word_1_78' title='bbox 1283 450 1314 480; x_wconf 89' lang='lat'>7,</span> <span class='ocrx_word' id='word_1_79' title='bbox 1333 442 1353 472; x_wconf 89' lang='lat'>6</span> <span class='ocrx_word' id='word_1_80' title='bbox 1369 448 1401 472; x_wconf 90' lang='lat' dir='ltr'>et</span> <span class='ocrx_word' id='word_1_81' title='bbox 1417 449 1449 480; x_wconf 94' lang='lat'>9,</span> <span class='ocrx_word' id='word_1_82' title='bbox 1469 449 1509 482; x_wconf 88' lang='lat'>3:</span> 
     </span>
     <span class='ocr_line' id='line_1_8' title="bbox 167 489 1512 531; baseline 0.002 -13"><span class='ocrx_word' id='word_1_83' title='bbox 167 489 269 528; x_wconf 61' lang='lat' dir='ltr'>a&#39;zgwa</span> <span class='ocrx_word' id='word_1_84' title='bbox 296 494 326 519; x_wconf 76' lang='lat' dir='ltr'>el</span> <span class='ocrx_word' id='word_1_85' title='bbox 350 495 441 520; x_wconf 75' lang='lat' dir='ltr'><em>nala.</em></span> <span class='ocrx_word' id='word_1_86' title='bbox 474 489 574 527; x_wconf 86' lang='lat' dir='ltr'>Plin.,</span> <span class='ocrx_word' id='word_1_87' title='bbox 594 491 673 531; x_wconf 63' lang='lat' dir='ltr'>Ep„</span> <span class='ocrx_word' id='word_1_88' title='bbox 698 498 729 529; x_wconf 90' lang='lat'>7,</span> <span class='ocrx_word' id='word_1_89' title='bbox 755 491 812 522; x_wconf 89' lang='lat'>26:</span> <span class='ocrx_word' id='word_1_90' title='bbox 841 502 878 521; x_wconf 85' lang='lat' dir='ltr'>ac</span> <span class='ocrx_word' id='word_1_91' title='bbox 903 502 942 521; x_wconf 82' lang='lat' dir='ltr'>nc</span> <span class='ocrx_word' id='word_1_92' title='bbox 969 492 1171 521; x_wconf 74' lang='lat' dir='ltr'>sermonibus</span> <span class='ocrx_word' id='word_1_93' title='bbox 1197 492 1326 531; x_wconf 79' lang='lat' dir='ltr'>quzdem</span> <span class='ocrx_word' id='word_1_94' title='bbox 1353 491 1512 531; x_wconf 51' lang='lat' dir='ltr'>malignis</span> 
     </span>
     <span class='ocr_line' id='line_1_9' title="bbox 168 539 1509 579; baseline 0.001 -11"><span class='ocrx_word' id='word_1_95' title='bbox 168 543 228 568; x_wconf 77' lang='lat' dir='ltr'>aul</span> <span class='ocrx_word' id='word_1_96' title='bbox 244 539 385 569; x_wconf 73' lang='lat' dir='ltr'>allendil</span> <span class='ocrx_word' id='word_1_97' title='bbox 400 544 461 569; x_wconf 81' lang='lat' dir='ltr'>aut</span> <span class='ocrx_word' id='word_1_98' title='bbox 476 540 592 570; x_wconf 82' lang='lat' dir='ltr'>alitur.</span> <span class='ocrx_word' id='word_1_99' title='bbox 617 540 723 577; x_wconf 89' lang='lat' dir='ltr'>Lact.‚</span> <span class='ocrx_word' id='word_1_100' title='bbox 744 540 796 571; x_wconf 80' lang='lat' dir='ltr'>De</span> <span class='ocrx_word' id='word_1_101' title='bbox 813 541 866 571; x_wconf 79' lang='lat' dir='ltr'>ira</span> <span class='ocrx_word' id='word_1_102' title='bbox 894 541 970 578; x_wconf 62' lang='lat' dir='ltr'>Dei,</span> <span class='ocrx_word' id='word_1_103' title='bbox 990 551 1031 578; x_wconf 82' lang='lat'>4:</span> <span class='ocrx_word' id='word_1_104' title='bbox 1061 541 1154 579; x_wconf 77' lang='lat' dir='ltr'>Quid</span> <span class='ocrx_word' id='word_1_105' title='bbox 1176 546 1244 570; x_wconf 77' lang='lat' dir='ltr'>lam</span> <span class='ocrx_word' id='word_1_106' title='bbox 1271 541 1422 579; x_wconf 58' lang='lat' dir='ltr'>dzgmum,</span> <span class='ocrx_word' id='word_1_107' title='bbox 1440 545 1509 571; x_wconf 65' lang='lat' dir='ltr'>:am</span> 
     </span>
     <span class='ocr_line' id='line_1_10' title="bbox 165 582 1511 631; baseline 0.002 -14"><span class='ocrx_word' id='word_1_108' title='bbox 165 588 338 627; x_wconf 73' lang='lat' dir='ltr'>proprium</span> <span class='ocrx_word' id='word_1_109' title='bbox 366 589 436 619; x_wconf 79' lang='lat' dir='ltr'>Deo</span> <span class='ocrx_word' id='word_1_110' title='bbox 460 600 560 629; x_wconf 85' lang='lat' dir='ltr'><em>quam</em></span> <span class='ocrx_word' id='word_1_111' title='bbox 580 582 804 629; x_wconf 55' lang='lat' dir='ltr'>providentia.</span> <span class='ocrx_word' id='word_1_112' title='bbox 837 589 888 621; x_wconf 91' lang='lat' dir='ltr'>Cf.</span> <span class='ocrx_word' id='word_1_113' title='bbox 917 590 1073 621; x_wconf 88' lang='lat' dir='ltr'>Lindner.</span> <span class='ocrx_word' id='word_1_114' title='bbox 1092 608 1134 612; x_wconf 93' lang='lat'>—</span> <span class='ocrx_word' id='word_1_115' title='bbox 1150 588 1208 621; x_wconf 88' lang='lat' dir='ltr'>Ad</span> <span class='ocrx_word' id='word_1_116' title='bbox 1224 587 1410 628; x_wconf 82' lang='lat' dir='ltr'>solacium,</span> <span class='ocrx_word' id='word_1_117' title='bbox 1429 599 1511 631; x_wconf 87' lang='lat' dir='ltr'>pour</span> 
     </span>
     <span class='ocr_line' id='line_1_11' title="bbox 167 636 1509 680; baseline 0.002 -14"><span class='ocrx_word' id='word_1_118' title='bbox 167 636 214 666; x_wconf 83' lang='lat' dir='ltr'>ad</span> <span class='ocrx_word' id='word_1_119' title='bbox 224 637 392 667; x_wconf 80' lang='lat' dir='ltr'><em>solandam</em></span> <span class='ocrx_word' id='word_1_120' title='bbox 412 638 631 668; x_wconf 75' lang='lat' dir='ltr'><em>calamitatem</em></span> <span class='ocrx_word' id='word_1_121' title='bbox 648 649 742 668; x_wconf 79' lang='lat' dir='ltr'><em>suam</em></span> <span class='ocrx_word' id='word_1_122' title='bbox 755 649 769 675; x_wconf 85' lang='lat'><em>;</em></span> <span class='ocrx_word' id='word_1_123' title='bbox 792 638 832 669; x_wconf 88' lang='lat' dir='ltr'>cf.</span> <span class='ocrx_word' id='word_1_124' title='bbox 853 648 884 677; x_wconf 82' lang='lat'>4,</span> <span class='ocrx_word' id='word_1_125' title='bbox 905 646 936 679; x_wconf 83' lang='lat'>5.</span> <span class='ocrx_word' id='word_1_126' title='bbox 957 657 998 661; x_wconf 96' lang='lat'><strong>—</strong></span> <span class='ocrx_word' id='word_1_127' title='bbox 1015 636 1155 670; x_wconf 77' lang='lat' dir='ltr'>perditi</span> <span class='ocrx_word' id='word_1_128' title='bbox 1166 637 1243 680; x_wconf 87' lang='lat' dir='ltr'>jam</span> <span class='ocrx_word' id='word_1_129' title='bbox 1258 637 1420 679; x_wconf 83' lang='lat' dir='ltr'>perdere,</span> <span class='ocrx_word' id='word_1_130' title='bbox 1439 637 1509 669; x_wconf 86' lang='lat' dir='ltr'>alli—</span> 
     </span>
     <span class='ocr_line' id='line_1_12' title="bbox 168 684 1510 728; baseline 0.002 -13"><span class='ocrx_word' id='word_1_131' title='bbox 168 684 330 720; x_wconf 84' lang='lat' dir='ltr'>te&#39;ration;</span> <span class='ocrx_word' id='word_1_132' title='bbox 357 697 430 726; x_wconf 72' lang='lat' dir='ltr'>voy.</span> <span class='ocrx_word' id='word_1_133' title='bbox 461 694 491 726; x_wconf 87' lang='lat'>5,</span> <span class='ocrx_word' id='word_1_134' title='bbox 519 694 549 725; x_wconf 92' lang='lat'>9.</span> <span class='ocrx_word' id='word_1_135' title='bbox 570 705 610 709; x_wconf 90' lang='lat'><em>-</em></span> <span class='ocrx_word' id='word_1_136' title='bbox 630 685 800 725; x_wconf 85' lang='lat' dir='ltr'>Perdere,</span> <span class='ocrx_word' id='word_1_137' title='bbox 829 695 1044 728; x_wconf 80' lang='lat' dir='ltr'>segregare,</span> <span class='ocrx_word' id='word_1_138' title='bbox 1073 698 1115 719; x_wconf 81' lang='lat' dir='ltr'>sc.</span> <span class='ocrx_word' id='word_1_139' title='bbox 1145 688 1291 718; x_wconf 78' lang='lat' dir='ltr'>homines</span> <span class='ocrx_word' id='word_1_140' title='bbox 1303 697 1315 723; x_wconf 91' lang='lat'>,·</span> <span class='ocrx_word' id='word_1_141' title='bbox 1337 687 1379 718; x_wconf 88' lang='lat' dir='ltr'>de</span> <span class='ocrx_word' id='word_1_142' title='bbox 1403 686 1510 718; x_wconf 61' lang='lat' dir='ltr'>meme</span> 
     </span>
     <span class='ocr_line' id='line_1_13' title="bbox 168 734 1512 775; baseline 0.001 -11"><span class='ocrx_word' id='word_1_143' title='bbox 168 734 356 775; x_wconf 72' lang='lat' dir='ltr'>infundere,</span> <span class='ocrx_word' id='word_1_144' title='bbox 377 746 419 765; x_wconf 80' lang='lat' dir='ltr'>sc.</span> <span class='ocrx_word' id='word_1_145' title='bbox 441 735 640 766; x_wconf 70' lang='lat' dir='ltr'><em>hominibus.</em></span> <span class='ocrx_word' id='word_1_146' title='bbox 667 735 774 773; x_wconf 74' lang='lat' dir='ltr'>Lact.‚</span> <span class='ocrx_word' id='word_1_147' title='bbox 797 737 876 767; x_wconf 70' lang='lat' dir='ltr'><em>Dz&#39;v.</em></span> <span class='ocrx_word' id='word_1_148' title='bbox 899 737 991 771; x_wconf 73' lang='lat' dir='ltr'>inst..</span> <span class='ocrx_word' id='word_1_149' title='bbox 1012 745 1042 774; x_wconf 89' lang='lat'>2,</span> <span class='ocrx_word' id='word_1_150' title='bbox 1066 745 1115 775; x_wconf 78' lang='lat'>14,</span> <span class='ocrx_word' id='word_1_151' title='bbox 1138 744 1172 766; x_wconf 90' lang='lat'>11</span> <span class='ocrx_word' id='word_1_152' title='bbox 1193 749 1199 766; x_wconf 75' lang='lat' dir='ltr'>t</span> <span class='ocrx_word' id='word_1_153' title='bbox 1228 736 1460 766; x_wconf 76' lang='lat' dir='ltr'>Contaminati</span> <span class='ocrx_word' id='word_1_154' title='bbox 1475 746 1512 766; x_wconf 84' lang='grc' dir='ltr'>αι·</span> 
     </span>
     <span class='ocr_line' id='line_1_14' title="bbox 165 784 1508 826; baseline 0.001 -13"><span class='ocrx_word' id='word_1_155' title='bbox 165 784 291 823; x_wconf 72' lang='lat' dir='ltr'>perdili</span> <span class='ocrx_word' id='word_1_156' title='bbox 298 789 361 824; x_wconf 75' lang='lat' dir='ltr'>per</span> <span class='ocrx_word' id='word_1_157' title='bbox 371 795 496 815; x_wconf 79' lang='lat' dir='ltr'>omnem</span> <span class='ocrx_word' id='word_1_158' title='bbox 514 789 636 815; x_wconf 69' lang='lat' dir='ltr'>terram</span> <span class='ocrx_word' id='word_1_159' title='bbox 654 790 824 825; x_wconf 52' lang='lat' dir='ltr'>vagantur</span> <span class='ocrx_word' id='word_1_160' title='bbox 834 796 848 823; x_wconf 81' lang='grc'>,·</span> <span class='ocrx_word' id='word_1_161' title='bbox 863 791 893 816; x_wconf 83' lang='lat' dir='ltr'>el</span> <span class='ocrx_word' id='word_1_162' title='bbox 907 786 1061 816; x_wconf 75' lang='lat' dir='ltr'>solatium</span> <span class='ocrx_word' id='word_1_163' title='bbox 1070 786 1271 826; x_wconf 73' lang='lat' dir='ltr'><em>perditionis</em></span> <span class='ocrx_word' id='word_1_164' title='bbox 1285 796 1363 816; x_wconf 78' lang='lat' dir='ltr'>suae</span> <span class='ocrx_word' id='word_1_165' title='bbox 1371 785 1508 826; x_wconf 79' lang='lat' dir='ltr'>perden-</span> 
     </span>
     <span class='ocr_line' id='line_1_15' title="bbox 167 832 1509 875; baseline 0.001 -13"><span class='ocrx_word' id='word_1_166' title='bbox 167 833 219 862; x_wconf 77' lang='lat' dir='ltr'>dis</span> <span class='ocrx_word' id='word_1_167' title='bbox 234 832 423 863; x_wconf 70' lang='lat' dir='ltr'><em>bominibus</em></span> <span class='ocrx_word' id='word_1_168' title='bbox 438 839 625 874; x_wconf 68' lang='lat' dir='ltr'>apel-antur.</span> <span class='ocrx_word' id='word_1_169' title='bbox 647 834 752 871; x_wconf 82' lang='lat' dir='ltr'>Tert.‚</span> <span class='ocrx_word' id='word_1_170' title='bbox 773 835 882 875; x_wconf 59' lang='lat' dir='ltr'>Apol„</span> <span class='ocrx_word' id='word_1_171' title='bbox 903 843 956 872; x_wconf 89' lang='lat'>22,</span> <span class='ocrx_word' id='word_1_172' title='bbox 975 844 1016 872; x_wconf 88' lang='lat'>4:</span> <span class='ocrx_word' id='word_1_173' title='bbox 1040 835 1181 875; x_wconf 74' lang='lat' dir='ltr'>operatio</span> <span class='ocrx_word' id='word_1_174' title='bbox 1200 845 1311 864; x_wconf 77' lang='lat' dir='ltr'>eorum</span> <span class='ocrx_word' id='word_1_175' title='bbox 1338 838 1385 864; x_wconf 84' lang='lat' dir='ltr'>est</span> <span class='ocrx_word' id='word_1_176' title='bbox 1407 834 1509 864; x_wconf 82' lang='lat' dir='ltr'><em>homi-</em></span> 
     </span>
     <span class='ocr_line' id='line_1_16' title="bbox 167 881 1510 924; baseline 0.001 -13"><span class='ocrx_word' id='word_1_177' title='bbox 167 892 249 912; x_wconf 80' lang='lat' dir='ltr'>num</span> <span class='ocrx_word' id='word_1_178' title='bbox 273 883 403 912; x_wconf 78' lang='lat' dir='ltr'>eversio.</span> <span class='ocrx_word' id='word_1_179' title='bbox 424 900 466 904; x_wconf 89' lang='lat'>—</span> <span class='ocrx_word' id='word_1_180' title='bbox 484 881 653 914; x_wconf 86' lang='lat' dir='ltr'>Errorem</span> <span class='ocrx_word' id='word_1_181' title='bbox 668 881 873 924; x_wconf 85' lang='lat' dir='ltr'>pravitatis,</span> <span class='ocrx_word' id='word_1_182' title='bbox 891 882 966 924; x_wconf 71' lang='lat' dir='ltr'>gen.</span> <span class='ocrx_word' id='word_1_183' title='bbox 987 883 1027 914; x_wconf 89' lang='lat' dir='ltr'>de</span> <span class='ocrx_word' id='word_1_184' title='bbox 1044 883 1194 924; x_wconf 75' lang='lat' dir='ltr'>l&#39;espece‚</span> <span class='ocrx_word' id='word_1_185' title='bbox 1212 893 1352 913; x_wconf 78' lang='lat' dir='ltr'>errorem</span> <span class='ocrx_word' id='word_1_186' title='bbox 1362 888 1510 923; x_wconf 78' lang='lat' dir='ltr'><em>pravum</em></span> 
     </span>
     <span class='ocr_line' id='line_1_17' title="bbox 167 929 1507 973; baseline 0.001 -12"><span class='ocrx_word' id='word_1_187' title='bbox 167 938 186 962; x_wconf 80' lang='lat'>«</span> <span class='ocrx_word' id='word_1_188' title='bbox 204 931 273 961; x_wconf 86' lang='lat' dir='ltr'>leur</span> <span class='ocrx_word' id='word_1_189' title='bbox 289 941 397 962; x_wconf 86' lang='lat' dir='ltr'>erreur</span> <span class='ocrx_word' id='word_1_190' title='bbox 414 942 564 972; x_wconf 77' lang='lat' dir='ltr'>perverse</span> <span class='ocrx_word' id='word_1_191' title='bbox 582 939 610 963; x_wconf 88' lang='lat'>&gt;).</span> <span class='ocrx_word' id='word_1_192' title='bbox 632 931 682 963; x_wconf 83' lang='lat' dir='ltr'>Cf.</span> <span class='ocrx_word' id='word_1_193' title='bbox 704 932 757 970; x_wconf 85' lang='lat'>28,</span> <span class='ocrx_word' id='word_1_194' title='bbox 777 932 806 963; x_wconf 88' lang='lat'>6.</span> <span class='ocrx_word' id='word_1_195' title='bbox 827 951 869 955; x_wconf 86' lang='lat'>-—</span> <span class='ocrx_word' id='word_1_196' title='bbox 888 930 1066 964; x_wconf 84' lang='lat' dir='ltr'>Perditi...</span> <span class='ocrx_word' id='word_1_197' title='bbox 1091 931 1253 973; x_wconf 84' lang='lat' dir='ltr'>perdere,</span> <span class='ocrx_word' id='word_1_198' title='bbox 1277 929 1507 973; x_wconf 84' lang='lat' dir='ltr'>depravati...</span> 
     </span>
     <span class='ocr_line' id='line_1_18' title="bbox 167 977 1510 1022; baseline 0.001 -12"><span class='ocrx_word' id='word_1_199' title='bbox 167 977 370 1021; x_wconf 82' lang='lat' dir='ltr'>pravitatis,</span> <span class='ocrx_word' id='word_1_200' title='bbox 390 990 605 1021; x_wconf 85' lang='lat' dir='ltr'>paronomase</span> <span class='ocrx_word' id='word_1_201' title='bbox 622 992 663 1011; x_wconf 92' lang='lat' dir='ltr'>ou</span> <span class='ocrx_word' id='word_1_202' title='bbox 681 982 912 1012; x_wconf 78' lang='lat' dir='ltr'>annominatio</span> <span class='ocrx_word' id='word_1_203' title='bbox 927 987 959 1012; x_wconf 88' lang='lat' dir='ltr'>et</span> <span class='ocrx_word' id='word_1_204' title='bbox 975 980 1185 1018; x_wconf 73' lang='lat' dir='ltr'>alliteration,</span> <span class='ocrx_word' id='word_1_205' title='bbox 1204 981 1260 1022; x_wconf 87' lang='lat' dir='ltr'>qui</span> <span class='ocrx_word' id='word_1_206' title='bbox 1276 980 1347 1012; x_wconf 86' lang='lat' dir='ltr'>sont</span> <span class='ocrx_word' id='word_1_207' title='bbox 1364 980 1510 1012; x_wconf 87' lang='lat' dir='ltr'>ressortir</span> 
     </span>
     <span class='ocr_line' id='line_1_19' title="bbox 168 1027 1336 1071; baseline 0.002 -12"><span class='ocrx_word' id='word_1_208' title='bbox 168 1027 363 1060; x_wconf 75' lang='lat' dir='ltr'>l&#39;antitliese.</span> <span class='ocrx_word' id='word_1_209' title='bbox 385 1029 436 1060; x_wconf 91' lang='lat' dir='ltr'>Cf.</span> <span class='ocrx_word' id='word_1_210' title='bbox 457 1028 488 1066; x_wconf 89' lang='lat'>8,</span> <span class='ocrx_word' id='word_1_211' title='bbox 508 1037 526 1069; x_wconf 85' lang='lat'>5</span> <span class='ocrx_word' id='word_1_212' title='bbox 542 1042 548 1060; x_wconf 92' lang='lat'><strong>:</strong></span> <span class='ocrx_word' id='word_1_213' title='bbox 567 1031 654 1060; x_wconf 78' lang='lat' dir='ltr'><em>mori</em></span> <span class='ocrx_word' id='word_1_214' title='bbox 660 1035 735 1071; x_wconf 74' lang='lat' dir='ltr'>post</span> <span class='ocrx_word' id='word_1_215' title='bbox 750 1035 883 1061; x_wconf 75' lang='lat' dir='ltr'>mortem</span> <span class='ocrx_word' id='word_1_216' title='bbox 896 1041 910 1067; x_wconf 87' lang='lat'>,·</span> <span class='ocrx_word' id='word_1_217' title='bbox 926 1039 957 1070; x_wconf 88' lang='lat'>9,</span> <span class='ocrx_word' id='word_1_218' title='bbox 978 1038 995 1070; x_wconf 84' lang='lat'><em>5</em></span> <span class='ocrx_word' id='word_1_219' title='bbox 1011 1043 1017 1060; x_wconf 90' lang='lat'>:</span> <span class='ocrx_word' id='word_1_220' title='bbox 1034 1041 1127 1060; x_wconf 78' lang='lat' dir='ltr'><em>sacra</em></span> <span class='ocrx_word' id='word_1_221' title='bbox 1143 1030 1336 1069; x_wconf 55' lang='lat' dir='ltr'>sacrilegiis.</span> 
     </span>
    </p>
   </div>
   <div class='ocr_carea' id='block_1_3' title="bbox 164 1125 1510 1413">
    <p class='ocr_par' dir='ltr' id='par_1_3' title="bbox 164 1125 1510 1413">
     <span class='ocr_line' id='line_1_20' title="bbox 209 1125 1508 1168; baseline -0.001 -8"><span class='ocrx_word' id='word_1_222' title='bbox 209 1125 240 1160; x_wconf 88' lang='grc'>9.</span> <span class='ocrx_word' id='word_1_223' title='bbox 271 1125 348 1159; x_wconf 81' lang='lat' dir='ltr'>Eos</span> <span class='ocrx_word' id='word_1_224' title='bbox 363 1125 526 1168; x_wconf 84' lang='lat' dir='ltr'>spiritus.</span> <span class='ocrx_word' id='word_1_225' title='bbox 547 1128 684 1158; x_wconf 84' lang='lat' dir='ltr'>Tertull.</span> <span class='ocrx_word' id='word_1_226' title='bbox 694 1152 702 1165; x_wconf 80' lang='lat'>,</span> <span class='ocrx_word' id='word_1_227' title='bbox 716 1128 810 1168; x_wconf 75' lang='lat' dir='ltr'>Apol.</span> <span class='ocrx_word' id='word_1_228' title='bbox 820 1152 827 1165; x_wconf 93' lang='lat'>,</span> <span class='ocrx_word' id='word_1_229' title='bbox 842 1136 894 1165; x_wconf 91' lang='lat'>22,</span> <span class='ocrx_word' id='word_1_230' title='bbox 918 1136 928 1158; x_wconf 89' lang='lat'>1</span> <span class='ocrx_word' id='word_1_231' title='bbox 948 1140 954 1158; x_wconf 91' lang='lat'><strong>:</strong></span> <span class='ocrx_word' id='word_1_232' title='bbox 972 1128 1092 1158; x_wconf 77' lang='lat' dir='ltr'>Sciunt</span> <span class='ocrx_word' id='word_1_233' title='bbox 1107 1128 1275 1158; x_wconf 78' lang='lat' dir='ltr'>daemones</span> <span class='ocrx_word' id='word_1_234' title='bbox 1279 1127 1508 1168; x_wconf 74' lang='lat' dir='ltr'>philosophi...</span> 
     </span>
     <span class='ocr_line' id='line_1_21' title="bbox 171 1175 1510 1218; baseline 0 -11"><span class='ocrx_word' id='word_1_235' title='bbox 171 1176 290 1207; x_wconf 80' lang='lat' dir='ltr'>Omnes</span> <span class='ocrx_word' id='word_1_236' title='bbox 313 1177 424 1207; x_wconf 72' lang='lat' dir='ltr'>sciunt</span> <span class='ocrx_word' id='word_1_237' title='bbox 440 1182 562 1218; x_wconf 79' lang='lat' dir='ltr'>poetae.</span> <span class='ocrx_word' id='word_1_238' title='bbox 585 1177 749 1208; x_wconf 85' lang='lat' dir='ltr'>Lactance</span> <span class='ocrx_word' id='word_1_239' title='bbox 771 1177 818 1207; x_wconf 90' lang='lat' dir='ltr'>dit</span> <span class='ocrx_word' id='word_1_240' title='bbox 843 1177 884 1207; x_wconf 86' lang='lat' dir='ltr'>de</span> <span class='ocrx_word' id='word_1_241' title='bbox 909 1175 1035 1207; x_wconf 78' lang='lat' dir='ltr'>meme:</span> <span class='ocrx_word' id='word_1_242' title='bbox 1062 1177 1129 1207; x_wconf 78' lang='lat' dir='ltr'>Eos</span> <span class='ocrx_word' id='word_1_243' title='bbox 1146 1182 1257 1217; x_wconf 75' lang='lat' dir='ltr'>poetae</span> <span class='ocrx_word' id='word_1_244' title='bbox 1278 1181 1309 1207; x_wconf 78' lang='lat' dir='ltr'>et</span> <span class='ocrx_word' id='word_1_245' title='bbox 1323 1177 1433 1207; x_wconf 87' lang='lat' dir='ltr'><em>sciunt</em></span> <span class='ocrx_word' id='word_1_246' title='bbox 1447 1187 1510 1208; x_wconf 81' lang='lat' dir='ltr'>csse</span> 
     </span>
     <span class='ocr_line' id='line_1_22' title="bbox 165 1224 1509 1266; baseline 0.001 -11"><span class='ocrx_word' id='word_1_247' title='bbox 165 1226 339 1255; x_wconf 76' lang='lat' dir='ltr'>daemonas</span> <span class='ocrx_word' id='word_1_248' title='bbox 354 1230 384 1256; x_wconf 79' lang='lat' dir='ltr'>el</span> <span class='ocrx_word' id='word_1_249' title='bbox 399 1226 564 1263; x_wconf 76' lang='lat' dir='ltr'>locuntur,</span> <span class='ocrx_word' id='word_1_250' title='bbox 584 1232 616 1256; x_wconf 90' lang='lat' dir='ltr'>et</span> <span class='ocrx_word' id='word_1_251' title='bbox 641 1225 663 1256; x_wconf 93' lang='lat' dir='ltr'>il</span> <span class='ocrx_word' id='word_1_252' title='bbox 691 1225 753 1256; x_wconf 89' lang='lat' dir='ltr'>cite</span> <span class='ocrx_word' id='word_1_253' title='bbox 779 1227 826 1257; x_wconf 83' lang='lat' dir='ltr'>les</span> <span class='ocrx_word' id='word_1_254' title='bbox 841 1224 965 1257; x_wconf 65' lang='lat' dir='ltr'>memes</span> <span class='ocrx_word' id='word_1_255' title='bbox 981 1226 1148 1266; x_wconf 80' lang='lat' dir='ltr'>exeinples</span> <span class='ocrx_word' id='word_1_256' title='bbox 1165 1226 1262 1263; x_wconf 80' lang='lat' dir='ltr'><em>(Dz&#39;v.</em></span> <span class='ocrx_word' id='word_1_257' title='bbox 1281 1226 1382 1263; x_wconf 62' lang='lat' dir='ltr'>lust„</span> <span class='ocrx_word' id='word_1_258' title='bbox 1402 1233 1435 1263; x_wconf 90' lang='lat'>2,</span> <span class='ocrx_word' id='word_1_259' title='bbox 1456 1233 1509 1264; x_wconf 89' lang='lat'>14—</span> 
     </span>
     <span class='ocr_line' id='line_1_23' title="bbox 170 1273 1510 1316; baseline 0.001 -12"><span class='ocrx_word' id='word_1_260' title='bbox 170 1275 281 1314; x_wconf 84' lang='lat'>15).—</span> <span class='ocrx_word' id='word_1_261' title='bbox 298 1273 450 1306; x_wconf 79' lang='lat' dir='ltr'>Poetae.</span> <span class='ocrx_word' id='word_1_262' title='bbox 473 1273 621 1306; x_wconf 81' lang='lat' dir='ltr'>Hesiode</span> <span class='ocrx_word' id='word_1_263' title='bbox 637 1274 685 1305; x_wconf 91' lang='lat' dir='ltr'>dit</span> <span class='ocrx_word' id='word_1_264' title='bbox 701 1285 765 1315; x_wconf 86' lang='lat' dir='ltr'>que</span> <span class='ocrx_word' id='word_1_265' title='bbox 782 1275 828 1305; x_wconf 83' lang='lat' dir='ltr'>les</span> <span class='ocrx_word' id='word_1_266' title='bbox 844 1274 994 1305; x_wconf 88' lang='lat' dir='ltr'>hommes</span> <span class='ocrx_word' id='word_1_267' title='bbox 1011 1274 1051 1305; x_wconf 90' lang='lat' dir='ltr'>de</span> <span class='ocrx_word' id='word_1_268' title='bbox 1069 1274 1152 1315; x_wconf 67' lang='lat' dir='ltr'>l’age</span> <span class='ocrx_word' id='word_1_269' title='bbox 1168 1274 1239 1305; x_wconf 86' lang='lat' dir='ltr'>d’or</span> <span class='ocrx_word' id='word_1_270' title='bbox 1255 1274 1437 1312; x_wconf 85' lang='lat' dir='ltr'>devinrent,</span> <span class='ocrx_word' id='word_1_271' title='bbox 1451 1285 1510 1316; x_wconf 87' lang='lat' dir='ltr'>par</span> 
     </span>
     <span class='ocr_line' id='line_1_24' title="bbox 166 1320 1509 1365; baseline 0.001 -12"><span class='ocrx_word' id='word_1_272' title='bbox 166 1323 197 1353; x_wconf 85' lang='lat' dir='ltr'>la</span> <span class='ocrx_word' id='word_1_273' title='bbox 213 1323 347 1354; x_wconf 78' lang='lat' dir='ltr'>volonte</span> <span class='ocrx_word' id='word_1_274' title='bbox 364 1324 405 1354; x_wconf 89' lang='lat' dir='ltr'>de</span> <span class='ocrx_word' id='word_1_275' title='bbox 418 1323 558 1365; x_wconf 81' lang='lat' dir='ltr'>Jupiter,</span> <span class='ocrx_word' id='word_1_276' title='bbox 572 1323 630 1354; x_wconf 84' lang='lat' dir='ltr'>des</span> <span class='ocrx_word' id='word_1_277' title='bbox 646 1320 819 1363; x_wconf 77' lang='grc' dir='ltr'>δαίμονες,</span> <span class='ocrx_word' id='word_1_278' title='bbox 836 1323 892 1364; x_wconf 93' lang='lat' dir='ltr'>qui</span> <span class='ocrx_word' id='word_1_279' title='bbox 905 1323 1132 1364; x_wconf 84' lang='lat' dir='ltr'>parcouraient</span> <span class='ocrx_word' id='word_1_280' title='bbox 1148 1324 1179 1354; x_wconf 96' lang='lat' dir='ltr'>la</span> <span class='ocrx_word' id='word_1_281' title='bbox 1195 1329 1279 1354; x_wconf 89' lang='lat' dir='ltr'>terre</span> <span class='ocrx_word' id='word_1_282' title='bbox 1295 1329 1326 1354; x_wconf 89' lang='lat' dir='ltr'>et</span> <span class='ocrx_word' id='word_1_283' title='bbox 1343 1322 1509 1354; x_wconf 82' lang='lat' dir='ltr'>veillaient</span> 
     </span>
     <span class='ocr_line' id='line_1_25' title="bbox 164 1372 1507 1413; baseline 0 -10"><span class='ocrx_word' id='word_1_284' title='bbox 164 1383 220 1403; x_wconf 83' lang='lat' dir='ltr'>sur</span> <span class='ocrx_word' id='word_1_285' title='bbox 245 1373 291 1403; x_wconf 86' lang='lat' dir='ltr'>les</span> <span class='ocrx_word' id='word_1_286' title='bbox 315 1372 476 1404; x_wconf 82' lang='lat' dir='ltr'>hommes.</span> <span class='ocrx_word' id='word_1_287' title='bbox 499 1373 663 1403; x_wconf 83' lang='lat' dir='ltr'>Lactance</span> <span class='ocrx_word' id='word_1_288' title='bbox 685 1372 747 1403; x_wconf 88' lang='lat' dir='ltr'>cite</span> <span class='ocrx_word' id='word_1_289' title='bbox 772 1383 824 1403; x_wconf 85' lang='grc'>665</span> <span class='ocrx_word' id='word_1_290' title='bbox 848 1372 933 1403; x_wconf 82' lang='lat' dir='ltr'>deux</span> <span class='ocrx_word' id='word_1_291' title='bbox 950 1383 1021 1403; x_wconf 71' lang='lat' dir='ltr'>vers</span> <span class='ocrx_word' id='word_1_292' title='bbox 1039 1373 1220 1410; x_wconf 69' lang='grc' dir='ltr'>(Τναῑίιτω.Α</span> <span class='ocrx_word' id='word_1_293' title='bbox 1234 1373 1388 1413; x_wconf 79' lang='lat' dir='ltr'>elsours‚</span> <span class='ocrx_word' id='word_1_294' title='bbox 1412 1373 1507 1410; x_wconf 86' lang='lat'>122):</span> 
     </span>
    </p>
   </div>
   <div class='ocr_carea' id='block_1_4' title="bbox 339 1465 1304 1562">
    <p class='ocr_par' dir='ltr' id='par_1_4' title="bbox 339 1465 1304 1562">
     <span class='ocr_line' id='line_1_26' title="bbox 339 1465 1304 1512; baseline -0.001 -11"><span class='ocrx_word' id='word_1_295' title='bbox 339 1467 379 1502; x_wconf 86' lang='grc' dir='ltr'>Οἱ</span> <span class='ocrx_word' id='word_1_296' title='bbox 405 1467 466 1509; x_wconf 79' lang='grc' dir='ltr'>μὲν</span> <span class='ocrx_word' id='word_1_297' title='bbox 490 1465 654 1510; x_wconf 69' lang='grc' dir='ltr'>δαίμονές</span> <span class='ocrx_word' id='word_1_298' title='bbox 680 1466 742 1500; x_wconf 75' lang='grc' dir='ltr'>εἶσι</span> <span class='ocrx_word' id='word_1_299' title='bbox 767 1467 845 1506; x_wconf 79' lang='grc' dir='ltr'>Διὸς</span> <span class='ocrx_word' id='word_1_300' title='bbox 871 1466 1027 1512; x_wconf 78' lang='grc' dir='ltr'>μεγάλου</span> <span class='ocrx_word' id='word_1_301' title='bbox 1052 1468 1106 1500; x_wconf 74' lang='grc' dir='ltr'>διὰ</span> <span class='ocrx_word' id='word_1_302' title='bbox 1133 1467 1264 1511; x_wconf 75' lang='grc' dir='ltr'>βουλὰς</span> <span class='ocrx_word' id='word_1_303' title='bbox 1301 1465 1304 1468; x_wconf 64' lang='grc'><strong><em>’</em></strong></span> 
     </span>
     <span class='ocr_line' id='line_1_27' title="bbox 341 1515 1303 1562; baseline 0 -12"><span class='ocrx_word' id='word_1_304' title='bbox 341 1517 491 1557; x_wconf 74' lang='grc' dir='ltr'>Ἐσθλοὶ,</span> <span class='ocrx_word' id='word_1_305' title='bbox 521 1515 729 1562; x_wconf 78' lang='grc' dir='ltr'>ἐπιχθόνιοι,</span> <span class='ocrx_word' id='word_1_306' title='bbox 757 1515 910 1562; x_wconf 71' lang='grc' dir='ltr'>φύλακες</span> <span class='ocrx_word' id='word_1_307' title='bbox 934 1519 1068 1558; x_wconf 80' lang='grc' dir='ltr'>θνητῶν</span> <span class='ocrx_word' id='word_1_308' title='bbox 1094 1515 1303 1562; x_wconf 69' lang='grc' dir='ltr'>ἀνθρώπων.</span> 
     </span>
    </p>
   </div>
   <div class='ocr_carea' id='block_1_5' title="bbox 154 1616 1514 2287">
    <p class='ocr_par' dir='ltr' id='par_1_5' title="bbox 154 1616 1514 2287">
     <span class='ocr_line' id='line_1_28' title="bbox 208 1616 1511 1659; baseline -0.001 -9"><span class='ocrx_word' id='word_1_309' title='bbox 208 1617 397 1651; x_wconf 83' lang='lat' dir='ltr'>Socrates.</span> <span class='ocrx_word' id='word_1_310' title='bbox 426 1618 510 1655; x_wconf 84' lang='lat' dir='ltr'>Cic.,</span> <span class='ocrx_word' id='word_1_311' title='bbox 541 1619 594 1648; x_wconf 77' lang='lat' dir='ltr'>De</span> <span class='ocrx_word' id='word_1_312' title='bbox 619 1618 701 1656; x_wconf 59' lang='lat' dir='ltr'>div„</span> <span class='ocrx_word' id='word_1_313' title='bbox 730 1626 758 1656; x_wconf 88' lang='lat'>1,</span> <span class='ocrx_word' id='word_1_314' title='bbox 779 1626 861 1648; x_wconf 89' lang='lat'>122:</span> <span class='ocrx_word' id='word_1_315' title='bbox 889 1618 966 1648; x_wconf 91' lang='lat' dir='ltr'>Hoc</span> <span class='ocrx_word' id='word_1_316' title='bbox 990 1617 1143 1648; x_wconf 84' lang='lat' dir='ltr'>nimirum</span> <span class='ocrx_word' id='word_1_317' title='bbox 1165 1624 1212 1648; x_wconf 77' lang='lat' dir='ltr'>est</span> <span class='ocrx_word' id='word_1_318' title='bbox 1239 1617 1330 1655; x_wconf 85' lang='lat' dir='ltr'>illud,</span> <span class='ocrx_word' id='word_1_319' title='bbox 1355 1616 1447 1659; x_wconf 90' lang='lat' dir='ltr'>quod</span> <span class='ocrx_word' id='word_1_320' title='bbox 1469 1616 1511 1649; x_wconf 88' lang='lat' dir='ltr'>de</span> 
     </span>
     <span class='ocr_line' id='line_1_29' title="bbox 164 1665 1507 1708; baseline -0.001 -11"><span class='ocrx_word' id='word_1_321' title='bbox 164 1667 301 1699; x_wconf 87' lang='lat' dir='ltr'>Socrate</span> <span class='ocrx_word' id='word_1_322' title='bbox 319 1666 516 1708; x_wconf 81' lang='lat' dir='ltr'>accepimus,</span> <span class='ocrx_word' id='word_1_323' title='bbox 532 1666 688 1708; x_wconf 91' lang='lat' dir='ltr'>quodque</span> <span class='ocrx_word' id='word_1_324' title='bbox 704 1667 746 1697; x_wconf 89' lang='lat' dir='ltr'>ab</span> <span class='ocrx_word' id='word_1_325' title='bbox 764 1666 834 1708; x_wconf 87' lang='lat' dir='ltr'>ipso</span> <span class='ocrx_word' id='word_1_326' title='bbox 851 1666 884 1697; x_wconf 89' lang='lat' dir='ltr'>in</span> <span class='ocrx_word' id='word_1_327' title='bbox 901 1666 991 1697; x_wconf 86' lang='lat' dir='ltr'>libris</span> <span class='ocrx_word' id='word_1_328' title='bbox 1007 1666 1249 1697; x_wconf 86' lang='lat' dir='ltr'>Socraticorum</span> <span class='ocrx_word' id='word_1_329' title='bbox 1265 1676 1362 1707; x_wconf 84' lang='lat' dir='ltr'>saepe</span> <span class='ocrx_word' id='word_1_330' title='bbox 1378 1665 1507 1703; x_wconf 88' lang='lat' dir='ltr'>dicitur,</span> 
     </span>
     <span class='ocr_line' id='line_1_30' title="bbox 161 1712 1510 1756; baseline -0.001 -9"><span class='ocrx_word' id='word_1_331' title='bbox 161 1727 235 1747; x_wconf 80' lang='lat' dir='ltr'>esse</span> <span class='ocrx_word' id='word_1_332' title='bbox 251 1715 399 1746; x_wconf 87' lang='lat' dir='ltr'>divinum</span> <span class='ocrx_word' id='word_1_333' title='bbox 415 1715 586 1756; x_wconf 85' lang='lat' dir='ltr'>quiddam,</span> <span class='ocrx_word' id='word_1_334' title='bbox 606 1714 730 1756; x_wconf 89' lang='lat' dir='ltr'>quod</span> <span class='ocrx_word' id='word_1_335' title='bbox 713 1726 768 1746; x_wconf 63' lang='grc' dir='ltr'>σοι’.</span> <span class='ocrx_word' id='word_1_336' title='bbox 773 1712 892 1756; x_wconf 54' lang='lat' dir='ltr'>A110&#39;2202</span> <span class='ocrx_word' id='word_1_337' title='bbox 909 1715 1065 1756; x_wconf 85' lang='lat' dir='ltr'>appellat,</span> <span class='ocrx_word' id='word_1_338' title='bbox 1085 1715 1136 1745; x_wconf 89' lang='lat' dir='ltr'>cui</span> <span class='ocrx_word' id='word_1_339' title='bbox 1152 1725 1280 1756; x_wconf 81' lang='lat' dir='ltr'>semper</span> <span class='ocrx_word' id='word_1_340' title='bbox 1304 1715 1373 1755; x_wconf 81' lang='lat' dir='ltr'>ipse</span> <span class='ocrx_word' id='word_1_341' title='bbox 1398 1725 1510 1756; x_wconf 81' lang='lat' dir='ltr'>parue-</span> 
     </span>
     <span class='ocr_line' id='line_1_31' title="bbox 165 1763 1510 1806; baseline 0 -11"><span class='ocrx_word' id='word_1_342' title='bbox 165 1765 207 1796; x_wconf 86' lang='lat' dir='ltr'>rit</span> <span class='ocrx_word' id='word_1_343' title='bbox 232 1775 411 1806; x_wconf 85' lang='lat' dir='ltr'>numquam</span> <span class='ocrx_word' id='word_1_344' title='bbox 438 1764 631 1806; x_wconf 84' lang='lat' dir='ltr'>impellenti,</span> <span class='ocrx_word' id='word_1_345' title='bbox 660 1775 756 1806; x_wconf 82' lang='lat' dir='ltr'>saepe</span> <span class='ocrx_word' id='word_1_346' title='bbox 782 1764 960 1795; x_wconf 81' lang='lat' dir='ltr'>revocanti.</span> <span class='ocrx_word' id='word_1_347' title='bbox 982 1764 1110 1801; x_wconf 85' lang='lat' dir='ltr'>Platon,</span> <span class='ocrx_word' id='word_1_348' title='bbox 1130 1764 1242 1805; x_wconf 47' lang='lat' dir='ltr'>Apolq</span> <span class='ocrx_word' id='word_1_349' title='bbox 1273 1771 1323 1803; x_wconf 87' lang='lat'>19,</span> <span class='ocrx_word' id='word_1_350' title='bbox 1350 1763 1407 1794; x_wconf 86' lang='lat' dir='ltr'>fait</span> <span class='ocrx_word' id='word_1_351' title='bbox 1425 1763 1510 1795; x_wconf 83' lang='lat' dir='ltr'>aussi</span> 
     </span>
     <span class='ocr_line' id='line_1_32' title="bbox 160 1808 1510 1856; baseline -0.001 -10.996"><span class='ocrx_word' id='word_1_352' title='bbox 160 1814 235 1845; x_wconf 86' lang='lat' dir='ltr'>dire</span> <span class='ocrx_word' id='word_1_353' title='bbox 260 1824 279 1844; x_wconf 89' lang='lat' dir='ltr'>a</span> <span class='ocrx_word' id='word_1_354' title='bbox 310 1814 467 1845; x_wconf 89' lang='lat' dir='ltr'>Socrate:</span> <span class='ocrx_word' id='word_1_355' title='bbox 498 1810 550 1844; x_wconf 81' lang='grc' dir='ltr'>ἀεὶ</span> <span class='ocrx_word' id='word_1_356' title='bbox 579 1808 772 1856; x_wconf 76' lang='grc' dir='ltr'>ἀποτρέπει</span> <span class='ocrx_word' id='word_1_357' title='bbox 805 1823 848 1853; x_wconf 56' lang='lat' dir='ltr'>ue</span> <span class='ocrx_word' id='word_1_358' title='bbox 878 1809 1021 1850; x_wconf 74' lang='grc' dir='ltr'>τούτου,</span> <span class='ocrx_word' id='word_1_359' title='bbox 1055 1812 1073 1843; x_wconf 80' lang='grc' dir='ltr'><em>ὃ</em></span> <span class='ocrx_word' id='word_1_360' title='bbox 1105 1808 1149 1843; x_wconf 75' lang='grc' dir='ltr'>ἂν</span> <span class='ocrx_word' id='word_1_361' title='bbox 1178 1809 1300 1852; x_wconf 81' lang='grc' dir='ltr'>μ.ε’))ω</span> <span class='ocrx_word' id='word_1_362' title='bbox 1332 1809 1510 1854; x_wconf 72' lang='grc' dir='ltr'>πράττειν,</span> 
     </span>
     <span class='ocr_line' id='line_1_33' title="bbox 166 1859 1509 1906; baseline -0.001 -12"><span class='ocrx_word' id='word_1_363' title='bbox 166 1859 364 1906; x_wconf 76' lang='grc' dir='ltr'>προτρέπει</span> <span class='ocrx_word' id='word_1_364' title='bbox 385 1860 421 1893; x_wconf 76' lang='grc' dir='ltr'>δὲ</span> <span class='ocrx_word' id='word_1_365' title='bbox 443 1859 587 1893; x_wconf 66' lang='grc' dir='ltr'>οὔποτε.</span> <span class='ocrx_word' id='word_1_366' title='bbox 617 1863 666 1893; x_wconf 93' lang='grc' dir='ltr'>Μ.</span> <span class='ocrx_word' id='word_1_367' title='bbox 688 1862 724 1893; x_wconf 88' lang='lat' dir='ltr'>F.</span> <span class='ocrx_word' id='word_1_368' title='bbox 745 1873 779 1893; x_wconf 92' lang='grc'><strong>56</strong></span> <span class='ocrx_word' id='word_1_369' title='bbox 798 1868 926 1903; x_wconf 89' lang='lat' dir='ltr'>trompe</span> <span class='ocrx_word' id='word_1_370' title='bbox 945 1862 1031 1892; x_wconf 88' lang='lat' dir='ltr'>donc</span> <span class='ocrx_word' id='word_1_371' title='bbox 1055 1872 1095 1892; x_wconf 92' lang='lat' dir='ltr'>en</span> <span class='ocrx_word' id='word_1_372' title='bbox 1119 1861 1256 1892; x_wconf 66' lang='lat' dir='ltr'>disant:</span> <span class='ocrx_word' id='word_1_373' title='bbox 1260 1862 1296 1892; x_wconf 76' lang='lat' dir='ltr'>el</span> <span class='ocrx_word' id='word_1_374' title='bbox 1310 1861 1438 1902; x_wconf 79' lang='lat' dir='ltr'>petebat</span> <span class='ocrx_word' id='word_1_375' title='bbox 1454 1869 1472 1893; x_wconf 88' lang='lat'>&lt;(</span> <span class='ocrx_word' id='word_1_376' title='bbox 1489 1861 1509 1892; x_wconf 86' lang='lat' dir='ltr'>il</span> 
     </span>
     <span class='ocr_line' id='line_1_34' title="bbox 162 1910 1510 1953; baseline -0.002 -10"><span class='ocrx_word' id='word_1_377' title='bbox 162 1911 387 1953; x_wconf 84' lang='lat' dir='ltr'>entreprenait</span> <span class='ocrx_word' id='word_1_378' title='bbox 405 1918 434 1942; x_wconf 87' lang='lat'>».</span> <span class='ocrx_word' id='word_1_379' title='bbox 456 1910 622 1942; x_wconf 77' lang='lat' dir='ltr'>Peut-etre</span> <span class='ocrx_word' id='word_1_380' title='bbox 639 1911 741 1942; x_wconf 81' lang='lat' dir='ltr'>suit-il</span> <span class='ocrx_word' id='word_1_381' title='bbox 758 1910 947 1952; x_wconf 76' lang='lat' dir='ltr'>Xenophon</span> <span class='ocrx_word' id='word_1_382' title='bbox 966 1911 1095 1948; x_wconf 67' lang='lat' dir='ltr'>(Mem,</span> <span class='ocrx_word' id='word_1_383' title='bbox 1119 1919 1146 1948; x_wconf 92' lang='lat'>1,</span> <span class='ocrx_word' id='word_1_384' title='bbox 1172 1920 1206 1949; x_wconf 86' lang='lat'>4,</span> <span class='ocrx_word' id='word_1_385' title='bbox 1229 1918 1265 1951; x_wconf 84' lang='lat'>15</span> <span class='ocrx_word' id='word_1_386' title='bbox 1283 1916 1315 1941; x_wconf 92' lang='lat' dir='ltr'>et</span> <span class='ocrx_word' id='word_1_387' title='bbox 1329 1920 1364 1949; x_wconf 86' lang='lat'>4,</span> <span class='ocrx_word' id='word_1_388' title='bbox 1383 1918 1414 1950; x_wconf 89' lang='lat'>3,</span> <span class='ocrx_word' id='word_1_389' title='bbox 1436 1911 1488 1948; x_wconf 87' lang='lat'>12)</span> <span class='ocrx_word' id='word_1_390' title='bbox 1504 1922 1510 1940; x_wconf 92' lang='lat'>:</span> 
     </span>
     <span class='ocr_line' id='line_1_35' title="bbox 165 1955 1509 2004; baseline 0 -12"><span class='ocrx_word' id='word_1_391' title='bbox 165 1956 453 2004; x_wconf 75' lang='grc' dir='ltr'>προσημαίνουσί</span> <span class='ocrx_word' id='word_1_392' title='bbox 480 1971 533 1991; x_wconf 76' lang='grc' dir='ltr'>σοι</span> <span class='ocrx_word' id='word_1_393' title='bbox 551 1958 651 1998; x_wconf 76' lang='grc' dir='ltr'>(θεοὶ)</span> <span class='ocrx_word' id='word_1_394' title='bbox 669 1957 691 1991; x_wconf 79' lang='grc' dir='ltr'><em>ἅ</em></span> <span class='ocrx_word' id='word_1_395' title='bbox 706 1970 744 1991; x_wconf 81' lang='grc' dir='ltr'>τε</span> <span class='ocrx_word' id='word_1_396' title='bbox 761 1958 833 2003; x_wconf 80' lang='grc' dir='ltr'>χρὴ</span> <span class='ocrx_word' id='word_1_397' title='bbox 851 1960 962 1991; x_wconf 73' lang='grc' dir='ltr'>ποιεῖν</span> <span class='ocrx_word' id='word_1_398' title='bbox 985 1957 1046 1990; x_wconf 80' lang='grc' dir='ltr'>καὶ</span> <span class='ocrx_word' id='word_1_399' title='bbox 1067 1955 1087 1990; x_wconf 74' lang='grc' dir='ltr'><em>ἃ</em></span> <span class='ocrx_word' id='word_1_400' title='bbox 1107 1956 1166 1999; x_wconf 78' lang='grc' dir='ltr'>μή.</span> <span class='ocrx_word' id='word_1_401' title='bbox 1186 1959 1369 1990; x_wconf 88' lang='lat' dir='ltr'>Tertullien</span> <span class='ocrx_word' id='word_1_402' title='bbox 1386 1960 1509 2000; x_wconf 73' lang='lat' dir='ltr'>(Apol.-</span> 
     </span>
     <span class='ocr_line' id='line_1_36' title="bbox 168 2008 1513 2051; baseline -0.003 -9"><span class='ocrx_word' id='word_1_403' title='bbox 168 2020 222 2047; x_wconf 87' lang='lat'>22,</span> <span class='ocrx_word' id='word_1_404' title='bbox 245 2011 274 2049; x_wconf 91' lang='lat'>1)</span> <span class='ocrx_word' id='word_1_405' title='bbox 291 2010 421 2051; x_wconf 78' lang='lat' dir='ltr'>appelle</span> <span class='ocrx_word' id='word_1_406' title='bbox 446 2010 475 2040; x_wconf 87' lang='grc'>16</span> <span class='ocrx_word' id='word_1_407' title='bbox 499 2008 621 2040; x_wconf 78' lang='lat' dir='ltr'>demon</span> <span class='ocrx_word' id='word_1_408' title='bbox 637 2009 678 2040; x_wconf 92' lang='lat' dir='ltr'>de</span> <span class='ocrx_word' id='word_1_409' title='bbox 703 2009 838 2041; x_wconf 84' lang='lat' dir='ltr'>Socrate</span> <span class='ocrx_word' id='word_1_410' title='bbox 863 2009 1118 2040; x_wconf 73' lang='lat' dir='ltr'>dehortatorium</span> <span class='ocrx_word' id='word_1_411' title='bbox 1145 2019 1165 2039; x_wconf 83' lang='lat' dir='ltr'><em>a</em></span> <span class='ocrx_word' id='word_1_412' title='bbox 1183 2009 1270 2039; x_wconf 82' lang='lat' dir='ltr'><em>bono.</em></span> <span class='ocrx_word' id='word_1_413' title='bbox 1291 2008 1375 2049; x_wconf 87' lang='lat' dir='ltr'>Voy.</span> <span class='ocrx_word' id='word_1_414' title='bbox 1395 2018 1513 2039; x_wconf 84' lang='lat' dir='ltr'>encore</span> 
     </span>
     <span class='ocr_line' id='line_1_37' title="bbox 166 2057 1512 2101; baseline -0.003 -10"><span class='ocrx_word' id='word_1_415' title='bbox 166 2060 284 2101; x_wconf 67' lang='lat' dir='ltr'>Apul„</span> <span class='ocrx_word' id='word_1_416' title='bbox 313 2059 366 2089; x_wconf 84' lang='lat' dir='ltr'>De</span> <span class='ocrx_word' id='word_1_417' title='bbox 392 2059 445 2088; x_wconf 80' lang='lat' dir='ltr'>deo</span> <span class='ocrx_word' id='word_1_418' title='bbox 472 2059 574 2095; x_wconf 51' lang='lat' dir='ltr'>Secu,</span> <span class='ocrx_word' id='word_1_419' title='bbox 599 2065 646 2096; x_wconf 88' lang='lat'>17.</span> <span class='ocrx_word' id='word_1_420' title='bbox 667 2057 784 2090; x_wconf 85' lang='lat' dir='ltr'>——Ad</span> <span class='ocrx_word' id='word_1_421' title='bbox 807 2059 943 2090; x_wconf 86' lang='lat' dir='ltr'>nutum.</span> <span class='ocrx_word' id='word_1_422' title='bbox 971 2057 1057 2095; x_wconf 90' lang='lat' dir='ltr'>Cic.,</span> <span class='ocrx_word' id='word_1_423' title='bbox 1088 2058 1155 2088; x_wconf 80' lang='lat' dir='ltr'>Pro</span> <span class='ocrx_word' id='word_1_424' title='bbox 1183 2058 1272 2088; x_wconf 57' lang='lat' dir='ltr'>li’osc.</span> <span class='ocrx_word' id='word_1_425' title='bbox 1305 2058 1398 2094; x_wconf 62' lang='lat' dir='ltr'>Am„</span> <span class='ocrx_word' id='word_1_426' title='bbox 1430 2065 1512 2097; x_wconf 87' lang='lat'>131:</span> 
     </span>
     <span class='ocr_line' id='line_1_38' title="bbox 154 2107 1514 2150; baseline -0.001 -12"><span class='ocrx_word' id='word_1_427' title='bbox 154 2109 299 2150; x_wconf 78' lang='lat' dir='ltr'>Jupiter</span> <span class='ocrx_word' id='word_1_428' title='bbox 321 2108 417 2146; x_wconf 80' lang='lat' dir='ltr'><em>cujus</em></span> <span class='ocrx_word' id='word_1_429' title='bbox 448 2112 536 2137; x_wconf 78' lang='lat' dir='ltr'>nutu</span> <span class='ocrx_word' id='word_1_430' title='bbox 566 2112 596 2137; x_wconf 81' lang='lat' dir='ltr'>et</span> <span class='ocrx_word' id='word_1_431' title='bbox 627 2108 766 2138; x_wconf 74' lang='lat' dir='ltr'>arbitrio</span> <span class='ocrx_word' id='word_1_432' title='bbox 797 2108 922 2137; x_wconf 76' lang='lat' dir='ltr'>caelum</span> <span class='ocrx_word' id='word_1_433' title='bbox 953 2112 1043 2137; x_wconf 74' lang='lat' dir='ltr'>terra</span> <span class='ocrx_word' id='word_1_434' title='bbox 1069 2107 1243 2146; x_wconf 79' lang='lat' dir='ltr'>mariaque</span> <span class='ocrx_word' id='word_1_435' title='bbox 1268 2110 1442 2146; x_wconf 74' lang='lat' dir='ltr'>reguntur.</span> <span class='ocrx_word' id='word_1_436' title='bbox 1472 2123 1514 2128; x_wconf 89' lang='lat'><strong>—</strong></span> 
     </span>
     <span class='ocr_line' id='line_1_39' title="bbox 169 2155 1510 2197; baseline -0.002 -8"><span class='ocrx_word' id='word_1_437' title='bbox 169 2156 340 2195; x_wconf 76' lang='lat' dir='ltr'>Petebat,</span> <span class='ocrx_word' id='word_1_438' title='bbox 369 2157 399 2187; x_wconf 94' lang='lat' dir='ltr'>le</span> <span class='ocrx_word' id='word_1_439' title='bbox 416 2156 514 2187; x_wconf 77' lang='lat' dir='ltr'>verbe</span> <span class='ocrx_word' id='word_1_440' title='bbox 531 2156 658 2197; x_wconf 78' lang='lat' dir='ltr'>simple,</span> <span class='ocrx_word' id='word_1_441' title='bbox 679 2164 760 2197; x_wconf 87' lang='lat' dir='ltr'>pour</span> <span class='ocrx_word' id='word_1_442' title='bbox 777 2157 806 2187; x_wconf 89' lang='lat' dir='ltr'>le</span> <span class='ocrx_word' id='word_1_443' title='bbox 823 2155 977 2197; x_wconf 60' lang='lat' dir='ltr'>composi:</span> <span class='ocrx_word' id='word_1_444' title='bbox 1002 2156 1174 2196; x_wconf 67' lang='lat' dir='ltr'>appetebat.</span> <span class='ocrx_word' id='word_1_445' title='bbox 1204 2155 1287 2191; x_wconf 83' lang='lat' dir='ltr'>Cic.,</span> <span class='ocrx_word' id='word_1_446' title='bbox 1306 2155 1359 2185; x_wconf 74' lang='lat' dir='ltr'>De</span> <span class='ocrx_word' id='word_1_447' title='bbox 1375 2159 1445 2186; x_wconf 83' lang='lat' dir='ltr'>nat.</span> <span class='ocrx_word' id='word_1_448' title='bbox 1464 2155 1510 2186; x_wconf 87' lang='lat' dir='ltr'>d..</span> 
     </span>
     <span class='ocr_line' id='line_1_40' title="bbox 167 2204 1511 2246; baseline -0.002 -9"><span class='ocrx_word' id='word_1_449' title='bbox 167 2216 197 2246; x_wconf 84' lang='lat'>3,</span> <span class='ocrx_word' id='word_1_450' title='bbox 218 2215 280 2246; x_wconf 83' lang='lat'>33:</span> <span class='ocrx_word' id='word_1_451' title='bbox 309 2213 568 2237; x_wconf 71' lang='lat' dir='ltr'>APPETUNTUR</span> <span class='ocrx_word' id='word_1_452' title='bbox 591 2216 674 2245; x_wconf 74' lang='lat' dir='ltr'>quae</span> <span class='ocrx_word' id='word_1_453' title='bbox 699 2206 875 2236; x_wconf 78' lang='lat' dir='ltr'>secundum</span> <span class='ocrx_word' id='word_1_454' title='bbox 904 2209 1061 2235; x_wconf 77' lang='lat' dir='ltr'>naturam</span> <span class='ocrx_word' id='word_1_455' title='bbox 1089 2210 1179 2241; x_wconf 78' lang='lat' dir='ltr'>sunt,</span> <span class='ocrx_word' id='word_1_456' title='bbox 1207 2204 1420 2234; x_wconf 77' lang='lat' dir='ltr'>declinantur</span> <span class='ocrx_word' id='word_1_457' title='bbox 1441 2214 1511 2234; x_wconf 82' lang='lat' dir='ltr'><em>con-</em></span> 
     </span>
     <span class='ocr_line' id='line_1_41' title="bbox 165 2261 287 2287; baseline 0 -1"><span class='ocrx_word' id='word_1_458' title='bbox 165 2261 287 2287; x_wconf 77' lang='lat' dir='ltr'>lrarza.</span> 
     </span>
    </p>
   </div>
   <div class='ocr_carea' id='block_1_6' title="bbox 211 2348 1512 2393">
    <p class='ocr_par' dir='ltr' id='par_1_6' title="bbox 211 2348 1512 2393">
     <span class='ocr_line' id='line_1_42' title="bbox 211 2348 1512 2393; baseline -0.003 -8"><span class='ocrx_word' id='word_1_459' title='bbox 211 2351 265 2386; x_wconf 88' lang='lat'>10.</span> <span class='ocrx_word' id='word_1_460' title='bbox 293 2352 357 2383; x_wconf 84' lang='lat' dir='ltr'>Les</span> <span class='ocrx_word' id='word_1_461' title='bbox 373 2362 485 2393; x_wconf 84' lang='lat' dir='ltr'>mages</span> <span class='ocrx_word' id='word_1_462' title='bbox 501 2356 575 2383; x_wconf 89' lang='lat' dir='ltr'>sont</span> <span class='ocrx_word' id='word_1_463' title='bbox 592 2352 638 2383; x_wconf 83' lang='lat' dir='ltr'>les</span> <span class='ocrx_word' id='word_1_464' title='bbox 659 2351 782 2393; x_wconf 74' lang='lat' dir='ltr'>pretres</span> <span class='ocrx_word' id='word_1_465' title='bbox 806 2362 926 2393; x_wconf 87' lang='lat' dir='ltr'>perses,</span> <span class='ocrx_word' id='word_1_466' title='bbox 955 2349 1091 2392; x_wconf 71' lang='lat' dir='ltr'>charges</span> <span class='ocrx_word' id='word_1_467' title='bbox 1107 2351 1148 2382; x_wconf 88' lang='lat' dir='ltr'>de</span> <span class='ocrx_word' id='word_1_468' title='bbox 1172 2350 1288 2392; x_wconf 84' lang='lat' dir='ltr'>garder</span> <span class='ocrx_word' id='word_1_469' title='bbox 1309 2351 1341 2381; x_wconf 84' lang='lat' dir='ltr'>la</span> <span class='ocrx_word' id='word_1_470' title='bbox 1363 2348 1512 2382; x_wconf 85' lang='lat' dir='ltr'>doctrine</span> 
     </span>
    </p>
   </div>
  </div>
 </body>
</html>
