1619 2596
178 207 246 303 ’ἓῆ
498 223 565 259 Μ.
609 221 883 260 Mmucn
928 222 1184 260 FELICIS
1431 211 1499 308 [ἐς.

432 308 1239 396 OCTAVIUS

218 588 246 625 I.
281 589 482 639 Cogitanti
524 590 619 627 mihi
659 598 696 628 et
736 603 825 628 cum
862 590 997 628 animo
1038 603 1127 629 meo
1163 591 1304 628 Octavi
1340 591 1435 629 boni
1470 600 1507 629 et

159 650 380 690 fidelissimi
396 654 691 692 contubernalis
711 655 944 693 memoriam
962 656 1185 694 recensenti
1208 664 1315 693 tanta
1332 657 1506 694 dulcedo

158 723 197 753 et
235 717 407 755 adfectio
446 718 622 757 hominis
660 719 842 765 inhaesit,
875 728 916 757 ut
952 720 1036 770 ipse
1068 721 1372 770 quodammodo
1409 720 1506 758 mihi

158 780 311 820 viderer
330 782 370 820 in
403 784 613 833 praeterita
645 784 784 832 redire,
809 798 888 823 non
921 798 967 822 ea
1000 798 1101 835 quae
1129 787 1211 835 jam
1242 794 1441 824 transacta
1466 795 1506 825 et

156 847 323 885 decursa
353 856 456 894 sunt,
479 849 756 887 recordatione
791 863 999 888 revocare:
1037 852 1095 899 (2)
1133 851 1186 888 ita
1215 853 1299 901 ejus
1330 859 1505 890 contem-

156 912 290 961 platio,
312 922 505 963 quantum
529 915 729 953 subtracta
750 923 809 953 est
830 916 968 962 oculis,
993 924 1147 953 tantum
1170 916 1321 965 pectori
1342 930 1432 954 meo
1457 931 1503 955 ac

157 991 284 1027 paene
322 978 471 1017 intimis
511 980 695 1018 sensibus
735 981 924 1031 inplicata
968 990 1039 1019 est.
1082 982 1141 1030 (3)
1184 982 1269 1019 Nec
1318 981 1503 1020 inmerito

157 1042 370 1081 discedens
390 1044 446 1082 vir
465 1045 632 1083 eximius
653 1054 691 1084 et
713 1055 872 1084 sanctus
904 1047 1144 1084 immensum
1177 1047 1236 1084 sui
1258 1047 1501 1085 desiderium

160 1108 275 1147 nobis
296 1110 463 1159 reliquit,
483 1118 620 1160 utpote
641 1124 732 1148 cum
750 1119 787 1149 et
805 1111 888 1160 ipse
911 1119 1022 1149 tanto
1045 1112 1167 1149 nostri
1190 1125 1348 1161 semper
1369 1126 1504 1151 amore

157 1174 388 1223 flagraverit,
410 1183 511 1213 utet
546 1176 585 1213 in
617 1176 777 1214 ludicris
810 1184 847 1214 et
880 1177 990 1215 seriis
1011 1176 1093 1226 pari
1118 1190 1274 1215 mecum
1297 1179 1502 1216 voluntate

153 1239 383 1278 concineret
402 1241 545 1278 eadem
580 1242 679 1278 velle
714 1243 774 1279 vel
807 1242 913 1279 nolle
938 1257 943 1279 :
979 1242 1160 1280 crederes
1181 1255 1301 1280 unam
1323 1251 1499 1281 mentem

151 1303 192 1341 in
213 1304 372 1342 duobus
393 1305 512 1344 fuisse
533 1306 713 1344 divisam.
734 1306 794 1355 (4)
811 1306 874 1343 Sic
892 1307 999 1344 solus
1017 1307 1057 1344 in
1073 1307 1278 1345 amoribus
1299 1308 1497 1354 conscius

150 1369 235 1419 ipse
256 1370 386 1408 socius
407 1371 447 1408 in
469 1372 665 1409 erroribus
685 1387 691 1409 :
725 1379 762 1410 et
793 1385 884 1409 cum
912 1371 1094 1410 discussa
1124 1372 1292 1422 caligine
1321 1374 1372 1411 de
1393 1381 1501 1412 tene—

151 1435 311 1474 brarum
324 1437 525 1485 profundo
546 1436 585 1473 in
602 1438 731 1475 lucem
751 1437 969 1487 sapientiae
991 1445 1028 1474 et
1045 1437 1221 1475 veritatis
1243 1451 1497 1488 emergerem,

153 1513 236 1539 non
256 1500 405 1551 respuit
424 1501 625 1548 comitem,
650 1503 720 1540 sed
743 1504 852 1552 quod
883 1510 941 1540 est
970 1502 1192 1551 gloriosius,
1215 1504 1494 1552 praecucurrit.

150 1567 211 1616 (5)
233 1567 387 1616 Itaque,
410 1579 501 1604 cum
523 1579 593 1616 per
615 1567 838 1605 universam
860 1567 1069 1606 convictus
1090 1568 1218 1606 nostri
1239 1576 1277 1606 et
1299 1569 1498 1607 familiari-

150 1631 241 1670 tatis
272 1638 442 1670 aetatem
480 1645 568 1670 mea
601 1632 790 1681 cogitatio
830 1635 1063 1679 volveretur,
1101 1633 1140 1670 in
1181 1633 1248 1671 illo
1288 1634 1499 1685 praecipue

149 1710 334 1736 sermone
350 1700 434 1748 ejus
451 1699 594 1737 mentis
613 1712 725 1737 meae
746 1697 893 1737 resedit
916 1697 1098 1745 intentio,
1115 1711 1197 1747 quo
1215 1699 1262 1748 Q.
1278 1698 1500 1738 Caecilium

149 1763 433 1813 superstitiosis
463 1764 703 1802 vanitatibus
735 1763 967 1802 etiamnunc
1010 1763 1285 1802 inhaerentem
1324 1764 1499 1814 disputa-

149 1830 259 1867 tione
277 1829 507 1878 gravissima
526 1831 577 1868 ad
599 1843 732 1868 veram
754 1829 987 1878 religionem
1010 1830 1247 1867 reformavit.

206 1897 260 1932 II.
285 1896 390 1933 Nam
423 1895 571 1945 negotii
603 1903 642 1934 et
664 1894 818 1933 visendi
841 1894 919 1933 mei
938 1895 1062 1945 gratia
1084 1897 1257 1932 Romam
1280 1896 1496 1934 contende-

148 1968 217 2007 rat,
239 1960 375 1998 relicta
395 1961 529 2008 domo,
552 1962 733 2010 conjuge,
759 1960 904 2006 liberis,
929 1968 966 1997 et
995 1983 1046 1987 —
1067 1961 1177 2010 quod
1199 1968 1257 1997 est
1292 1960 1332 1997 in
1362 1961 1496 1998 liberis

146 2025 358 2063 amabilius
378 2049 430 2053 —
450 2027 582 2064 adhuc
612 2025 726 2063 annis
757 2025 1044 2063 innocentibus
1074 2032 1113 2063 et
1133 2026 1265 2063 adhuc
1287 2025 1497 2064 dimidiata

146 2091 268 2128 verba
314 2091 616 2141 temptantibus,
652 2092 868 2140 loquellam
917 2090 1004 2140 ipso
1052 2091 1289 2129 offensantis
1338 2091 1496 2141 linguae

147 2156 340 2205 fragmine
361 2157 592 2196 dulciorem.
617 2158 677 2208 (2)
704 2158 797 2205 Quo
818 2156 857 2194 in
905 2157 1080 2194 adventu
1101 2147 1185 2206 ejus
1218 2169 1297 2194 non
1330 2169 1495 2206 possum

149 2221 371 2272 exprimere
403 2223 668 2269 sermonibus,
691 2229 843 2272 quanto
874 2234 1078 2271 quamque
1108 2221 1316 2272 inpatienti
1348 2224 1496 2272 gaudio

146 2288 417 2335 exultaverim,
440 2301 531 2325 cum
560 2296 720 2338 augeret
751 2286 921 2325 maxime
950 2287 1140 2325 laetitiam
1178 2300 1308 2325 meam
1343 2287 1496 2326 amicis-

149 2351 240 2389 simi
260 2352 435 2391 hominis
455 2353 660 2402 inopinata
680 2351 914 2402 praesentia.

216 2437 247 2463 M
252 2436 367 2464 inucius.
1413 2450 1424 2465 Ι
