1619 2596
338 269 1203 341 COMMENTAIRE

96 435 536 484 CHAPITRES
592 435 769 484 I-IV:
823 436 1441 487 INTRODUCTION.

218 574 404 609 Occasion
427 574 473 607 de
496 573 716 612 l'entretien,
745 575 803 608 les
828 574 1114 610 interlocuteurs
1136 579 1173 610 et
1195 577 1228 610 le
1250 577 1321 611 lieu

645 628 691 662 de
715 628 751 661 la
774 628 899 663 scene.

574 754 894 789 CHAPITRE
929 757 968 789 1.

140 867 171 902 1.
197 866 339 900 Ciceron
362 867 477 898 aimait
503 867 550 898 les
573 867 694 898 debuts
718 868 760 899 de
783 879 820 899 ce
843 879 954 909 genre.
977 869 1029 899 De
1056 871 1204 906 Oralort*⁸
1229 878 1255 906 1,
1279 878 1290 900 1
1313 882 1318 900 :
1340 877 1442 902 COGl-

91 925 215 949 TANTI
249 924 341 947 MIHI
371 921 604 956 saepenumero
635 921 666 947 et
697 918 856 948 memoria
888 922 999 948 vetera
1032 926 1269 949 RECENSENTI
1297 919 1447 958 perbeati

90 967 209 1005 fuisse,
232 965 493 1006 Quintefrale7¹‚
513 965 569 996 illi
583 966 697 996 videri
717 966 860 997 solent...
883 966 986 1004 1bid.‚
1001 975 1030 1006 3,
1055 975 1065 996 1
1086 979 1092 997 ε
1112 967 1319 998 Instituoenli
1340 968 1440 1005 mihi,

98 1017 225 1056 Quinte
230 1015 357 1056 frater,
375 1025 451 1045 eum
467 1024 648 1046 sermonem
666 1016 790 1056 referre
807 1016 855 1053 (le
871 1015 1020 1046 discours
1044 1015 1085 1046 de
1109 1016 1261 1053 Crassus,
1281 1016 1337 1057 qui
1361 1015 1442 1047 erait

94 1071 183 1097 mort
214 1064 298 1096 dans
329 1063 605 1102 l'intervalle)...,
634 1066 750 1096 acerba
782 1075 861 1096 sane
890 1073 1136 1096 RECORDATIO
1161 1070 1300 1096 veterem
1332 1066 1446 1096 animi

94 1125 211 1146 curam
243 1113 492 1154 molestiamque
531 1120 763 1144 RENOVAVIT.
793 1113 892 1145 Cette
927 1121 1085 1145 tournure
1118 1125 1137 1145 a
1169 1112 1222 1145 ete
1253 1112 1442 1155 egalement

93 1162 207 1195 imitee
226 1173 285 1204 par
303 1162 415 1199 Lact.‚
433 1163 519 1193 Inst.
539 1162 624 1197 dia,
644 1172 674 1201 4.
695 1181 737 1186 -—
755 1162 850 1194 Boni
873 1164 912 1195 et
935 1161 1151 1200 fidelissimi,
1170 1163 1442 1204 superlatifjoint

93 1225 137 1245 au
154 1212 291 1255 positif3
308 1223 352 1242 un
368 1218 483 1243 auteur
507 1212 671 1253 classique
695 1212 801 1243 aurait
825 1212 898 1244 dit:
922 1213 1052 1253 optimi.
1073 1231 1115 1236 —
1139 1211 1438 1251 Contubernalis,

94 1263 192 1301 (cum
216 1267 248 1293 et
272 1262 431 1299 taberna)
459 1268 477 1293 «
494 1261 621 1293 soldats
648 1262 707 1302 qui
732 1261 883 1293 habitent
910 1272 987 1293 sous
1014 1262 1048 1293 la
1074 1260 1183 1293 meme
1210 1267 1313 1299 tente,
1333 1272 1350 1296 y>
1368 1262 1441 1303 puis

95 1320 112 1344 «
129 1312 214 1343 amis
230 1310 378 1348 intimes,
398 1310 591 1342 camarades
609 1318 637 1343 ».
659 1329 700 1334 -
724 1310 853 1343 Tanta
876 1309 1030 1343 dulcedo
1054 1314 1094 1343 et
1115 1309 1278 1344 adfectio
1311 1326 1339 1338 z
1370 1318 1440 1344 tam

93 1362 202 1393 dulcis
216 1361 352 1401 adfectio
375 1359 604 1400 (hendiadys).
633 1360 793 1401 Adfeclio,
820 1360 869 1391 dit
894 1359 1036 1392 Ciceron
1060 1361 1127 1398 (De
1150 1363 1236 1397 inv„
1268 1370 1294 1398 1,
1315 1368 1368 1402 25,
1388 1363 1442 1402 31)

91 1416 143 1442 est
156 1411 268 1442 animi
282 1414 345 1440 aut
358 1410 503 1450 corporis
517 1419 559 1439 ex
575 1414 714 1450 tempor-c
731 1410 849 1450 aliqua
865 1410 902 1440 de
918 1420 1018 1440 causa
1030 1411 1301 1447 c0nae⁷m‹lalt'o‚ul
1311 1412 1442 1441 laetitia

92 1460 274 1500 cupiditas,
294 1463 441 1490 metus...
462 1457 552 1489 C’est
570 1458 658 1489 donc
676 1469 739 1489 une
756 1458 913 1489 affection
933 1459 975 1490 de
992 1458 1090 1490 Fame
1114 1469 1155 1490 ou
1180 1459 1223 1490 du
1248 1469 1355 1500 corps.
1378 1459 1439 1496 Ici,

94 1520 132 1540 ce
148 1514 218 1540 mot
233 1519 253 1539 a
269 1508 337 1549 pris
353 1508 383 1539 le
400 1518 477 1538 sens
496 1507 652 1539 restreint
670 1507 799 1538 d’amor
817 1515 834 1540 «
851 1507 1007 1539 affection
1022 1516 1050 1540 ».
1068 1506 1240 1540 Hominis
1257 1519 1340 1549 pour
1356 1509 1439 1548 ejus,

90 1557 216 1599 genitif
227 1557 372 1598 objectis.
395 1574 436 1579 —
454 1555 497 1591 111
520 1555 722 1598 praeterita
745 1555 875 1595 redire,
894 1557 1036 1597 adjectif
1056 1557 1124 1598 pris
1141 1557 1441 1589 substantivement

93 1614 112 1640 vx
130 1608 160 1638 le
176 1605 272 1649 passe
290 1615 307 1639 )>
326 1618 334 1644 ;
352 1606 440 1643 Cic„
461 1606 511 1637 De
527 1617 610 1644 sen.,
631 1613 662 1645 7,
683 1615 719 1637 21
737 1618 743 1637 :
765 1607 802 1637 in
822 1607 1018 1637 memoriam
1042 1607 1137 1637 redeo
1161 1612 1379 1638 merlam-um.
1400 1625 1438 1629 —

93 1656 308 1689 Transacta
323 1658 360 1688 et
376 1655 544 1694 decursa,
563 1656 772 1696 expressions
796 1654 1065 1687 ciceroniennes:
1091 1656 1185 1686 rebus
1208 1657 1389 1687 transactis
1412 1660 1443 1687 el

86 1707 283 1748 praeleritis
314 1705 445 1743 (Tusa,
477 1714 510 1743 4,
545 1706 627 1745 55);
652 1710 751 1746 prope
785 1709 858 1735 acta
882 1706 959 1745 jam
991 1710 1095 1736 aetate
1131 1705 1334 1745 demersaque
1358 1706 1440 1743 (Pro

96 1756 264 1795 Quinctio,
283 1755 349 1794 99).
373 1772 412 1776 -—
431 1753 627 1786 Revocare
649 1760 699 1785 est
724 1752 907 1795 poetique:
926 1759 956 1785 et
971 1755 1106 1795 primae
1130 1754 1279 1785 revocabo
1303 1755 1442 1786 exordia

88 1811 222 1846 pugnae
239 1804 360 1845 (Virg.,
380 1805 484 1840 Aen.‚
505 1810 534 1842 7,
555 1804 610 1841 Ι40)
628 1814 635 1837 :
660 1801 803 1834 Ciceron
829 1802 998 1844 l’emploie
1021 1809 1236 1835 autrcment:
1256 1814 1439 1834 revelarem

93 1854 225 1884 animos
240 1857 362 1884 vestros
376 1853 424 1883 ἣτ’]
437 1852 573 1884 illam...
594 1853 752 1883 miseram
770 1854 895 1884 caedem
913 1853 995 1891 (Pro
1012 1854 1136 1891 Flacco,
1155 1853 1224 1891 60).

136 1954 169 1989 2.
189 1972 231 1977 —
257 1953 315 1985 lta
341 1959 359 1984 ζ
375 1953 582 1985 tellement»
610 1958 691 1994 peut
720 1963 754 1984 se
781 1952 927 1985 traduire
951 1964 1010 1994 par
1039 1960 1056 1984 ((
1077 1963 1131 1984 car
1149 1960 1193 1990 »;
1218 1953 1258 1984 cf.
1285 1961 1369 1989 12‚2.
1391 1953 1441 1984 La

92 2002 327 2045 consequence
342 2000 496 2044 precede.
517 2021 559 2026 —-
576 2001 860 2043 Contemplatio,
880 2013 964 2044 pour
981 2004 1099 2043 imago.
1123 2003 1188 2034 Les
1213 2009 1346 2034 auteurs
1365 2012 1438 2043 pos-

93 2051 232 2085 terieurs
248 2052 267 2084 ὲ.
282 2049 439 2093 Ρέροᾳυε
456 2051 620 2093 classique
645 2051 770 2082 aiment
795 2051 814 2082 ὲ
839 2057 957 2083 mettre
981 2061 1025 2082 un
1049 2057 1120 2082 mot
1144 2051 1283 2082 abstrait
1307 2061 1346 2082 au
1373 2051 1440 2082 lieu

92 2102 172 2133 d’un
196 2107 266 2133 mot
290 2106 434 2132 concret.
461 2120 504 2124 —
530 2099 673 2132 Intimis
694 2098 874 2133 sensibus.
902 2099 1045 2133 Ciceron
1069 2100 1143 2131 dit:
1176 2111 1282 2142 angor
1306 2100 1441 2130 intimis

92 2151 239 2182 sensibus
255 2149 329 2189 (Ad
342 2149 430 2188 Ata,
449 2160 482 2189 4,
505 2158 554 2188 10,
576 2151 620 2190 3).

136 2251 169 2286 3.
186 2251 373 2293 Comparez
389 2249 408 2282 ὲι
423 2256 513 2282 cette
528 2250 735 2292 description
752 2251 836 2282 celle
853 2261 917 2291 que
935 2249 1081 2282 Ciceron
1099 2249 1156 2282 fait
1174 2250 1216 2281 de
1233 2248 1373 2281 l'amitie
1397 2249 1439 2280 de

93 2300 234 2342 Scipion
249 2306 283 2333 et
299 2301 342 2332 de
359 2298 472 2332 Lelius
489 2300 556 2338 (De
571 2301 687 2339 amic„
724 2302 786 2340 15).
807 2317 849 2322 -—
870 2298 952 2331 Nec
975 2297 1143 2331 inmerito
1169 2306 1185 2329 <<
1203 2305 1236 2330 et
1260 2299 1331 2330 cela
1355 2297 1440 2330 n'est

94 2361 151 2391 pas
167 2348 331 2382 etonnant
347 2355 380 2387 ὶ);
397 2349 437 2381 cf.
463 2357 510 2390 13,
533 2358 561 2380 2.
579 2349 707 2385 Litote;
725 2348 765 2380 cf.
788 2356 839 2389 31,
859 2348 888 2380 6.
904 2367 945 2372 —
962 2347 1181 2387 Discedens,
1198 2353 1215 2378 «
1229 2359 1269 2380 en
1289 2354 1435 2390 pertarit,
