1619 2596
132 99 194 155 36
671 107 937 140 OCTAvrus.

128 221 400 271 impelluntur,
423 220 636 264 vibrantur,
659 219 868 268 agitantur,
899 228 938 257 et
969 220 1042 257 sub
1069 220 1194 257 oculis
1230 228 1361 258 tamen
1393 233 1473 258 non

128 286 236 324 venit
258 294 397 323 ventus
419 292 456 323 et
479 285 606 322 flatus.
632 284 678 320 In
712 285 834 322 solem
870 285 984 330 adeo,
1008 284 1074 333 qui
1106 284 1267 323 videndi
1288 285 1476 324 omnibus

126 363 247 389 causa
281 357 352 396 est,
374 349 507 387 videre
544 362 624 387 non
658 361 884 398 possumus,
908 349 1029 387 radiis
1063 349 1169 387 acies
1203 350 1474 396 submovetur,

127 416 290 454 obtutus
323 413 514 452 intuentis
547 414 769 459 hebetatur,
799 421 838 452 et
870 412 900 450 si
933 414 1082 451 diutius
1113 413 1311 463 inspicias,
1345 413 1476 452 omnis

128 481 234 519 visus
269 479 520 530 extinguitur.
562 479 621 527 (6)
655 478 797 527 Quid?
829 479 958 529 ipsum
995 479 1087 517 solis
1121 478 1329 524 artificem,
1363 479 1475 517 illum

127 546 290 585 luminis
311 547 461 583 fontem
486 544 613 594 possis
635 543 841 589 sustinere,
867 557 958 582 curn
990 552 1028 582 te
1062 544 1113 581 ab
1144 545 1228 593 ejus
1255 543 1476 593 fulgoribus

127 620 292 656 avertas,
315 624 336 648 a
358 610 592 648 fulminibus
627 609 886 647 abscondas?
925 611 1056 647 Deum
1090 609 1218 647 oculis
1250 608 1478 647 carnalibus

129 676 186 715 vis
221 676 365 722 videre,
408 688 498 712 cum
540 674 667 724 ipsam
705 673 880 711 animam
922 682 1043 718 tuam,
1081 687 1159 724 qua
1191 673 1400 712 vivificaris
1439 682 1478 712 et

127 742 314 793 loqueris,
338 754 411 780 nec
432 740 608 791 aspicere
630 739 758 789 possis
781 753 854 778 nec
876 748 1012 778 tenere
1027 741 1045 777 Ρ

183 807 241 858 (7)
264 807 345 845 Sed
371 805 477 844 enim
514 806 624 843 Deus
659 813 793 842 actum
830 804 1003 843 hominis
1039 805 1197 855 ignorat
1227 812 1265 842 et
1299 805 1339 842 in
1366 806 1481 844 caelo

126 873 368 919 constitutus
390 884 470 909 non
492 878 624 920 potest
646 878 712 908 aut
734 883 874 909 omnes
902 870 1014 908 obire
1043 878 1112 908 aut
1147 870 1325 920 singulos
1347 883 1478 909 nosse.

130 941 257 985 Erras,
295 952 319 976 o
351 939 486 983 homo,
524 947 562 976 et
597 937 766 975 falleris:
803 938 911 975 unde
950 937 1058 975 enim
1101 938 1211 975 Deus
1250 939 1369 987 longe
1407 946 1478 983 est,

124 1018 220 1043 curn
251 1003 386 1043 omnia
415 1003 604 1042 caelestia
633 1010 865 1052 terrenaque
895 1010 933 1040 et
963 1015 1065 1052 quae
1095 1011 1201 1040 extra
1228 1002 1344 1040 istam
1374 1002 1481 1041 orbis

130 1069 378 1120 provinciam
419 1076 523 1115 sunt,
572 1070 659 1106 Deo
699 1069 817 1119 plena
855 1067 965 1106 sint?
1000 1067 1164 1117 Ubique
1203 1081 1284 1106 non
1322 1076 1478 1106 tantum

131 1135 246 1174 nobis
280 1134 495 1185 proximus,
519 1134 591 1171 sed
613 1133 766 1171 infusus
799 1140 869 1171 est.
907 1132 966 1182 (8)
990 1134 1038 1171 In
1061 1135 1185 1171 solem
1216 1134 1319 1172 adeo
1348 1146 1480 1171 rursus

129 1200 320 1239 intende:
356 1201 469 1238 caelo
503 1200 670 1245 adfixus,
712 1200 783 1237 sed
817 1198 928 1237 terris
972 1199 1163 1237 omnibus
1196 1212 1352 1249 sparsus
1392 1206 1478 1237 est:

129 1266 274 1316 pariter
295 1278 480 1316 praesens
510 1264 659 1314 ubique
690 1264 854 1302 interest
884 1272 923 1302 et
953 1265 1140 1303 miscetur
1168 1264 1368 1311 omnibus,
1390 1277 1481 1302 nus-

130 1343 250 1381 quam
271 1332 357 1380 ejus
378 1331 575 1369 claritudo
596 1330 777 1368 violatur.
802 1329 860 1379 (9)
883 1331 1048 1378 Quanto
1071 1330 1194 1379 magis
1213 1331 1323 1368 Deus
1343 1337 1480 1368 auctor

124 1396 309 1435 omnium
339 1409 385 1434 ac
406 1396 632 1446 speculator
659 1394 852 1442 omnium,
889 1408 912 1433 a
941 1407 1023 1444 quo
1055 1396 1209 1433 nullum
1233 1402 1364 1444 potest
1393 1407 1479 1433 esse

128 1469 336 1508 secretum,
369 1459 542 1500 tenebris
573 1460 747 1506 interest,
779 1460 940 1498 interest
975 1459 1284 1510 cogitationibus
1319 1459 1477 1505 nostris,

128 1526 241 1575 quasi
261 1526 393 1564 alteris
425 1525 600 1564 tenebris
621 1529 627 1563 !
649 1526 744 1563 Non
777 1532 933 1563 tanturn
957 1526 1030 1563 sub
1052 1525 1120 1564 illo
1149 1524 1314 1575 agimus,
1337 1525 1409 1563 sed
1440 1532 1479 1563 et

125 1605 219 1629 cum
241 1592 320 1638 illo,
343 1598 385 1629 ut
407 1604 532 1640 prope
554 1590 731 1637 dixerim,
753 1590 934 1628 vivimus.

181 1657 385 1693 XXXIII.
419 1657 506 1693 Nec
542 1655 658 1693 nobis
689 1656 739 1693 de
775 1661 907 1693 nostra
939 1654 1165 1704 frequentia
1198 1653 1479 1693 blandiamur:

126 1721 243 1759 multi
275 1720 392 1759 nobis
413 1720 606 1766 videmur,
629 1721 700 1758 sed
725 1721 814 1758 Deo
840 1720 1061 1758 admodum
1082 1719 1199 1771 pauci
1219 1731 1368 1757 sumus.
1393 1720 1479 1756 Nos

125 1794 264 1836 gentes
305 1785 571 1835 nationesque
620 1785 933 1835 distinguimus:
976 1786 1065 1823 Deo
1114 1798 1193 1823 una
1236 1786 1381 1824 domus
1420 1790 1480 1822 est

129 1853 303 1890 mundus
324 1851 389 1890 hic
411 1859 528 1889 totus.
554 1852 686 1900 Reges
716 1858 852 1889 tamen
883 1851 991 1901 regni
1013 1850 1072 1888 sui
1109 1864 1177 1901 per
1207 1850 1335 1888 officia
1369 1849 1481 1887 mini-

126 1926 297 1956 strorum
321 1916 506 1955 universa
527 1925 747 1955 noverunt:
779 1918 867 1955 Deo
889 1917 1047 1955 indiciis
1069 1930 1170 1967 opus
1193 1930 1273 1955 non
1295 1924 1376 1955 est:
1397 1928 1479 1954 non

129 1984 258 2021 solum
280 1982 320 2020 in
342 1982 468 2020 oculis
489 1984 586 2032 ejus,
609 1983 681 2020 sed
703 1982 743 2020 in
766 1982 853 2020 sinu
874 1982 1056 2020 vivimus.

183 2047 241 2098 (2)
264 2048 345 2087 Sed
375 2048 538 2097 Judaeis
564 2047 660 2085 nihil
682 2047 844 2097 profuit,
873 2049 984 2098 quod
1015 2061 1140 2086 unum
1170 2055 1209 2086 et
1238 2047 1313 2097 ipsi
1345 2048 1477 2086 Deum

127 2114 202 2152 aris
222 2121 343 2164 atque
363 2113 522 2163 templis
545 2113 717 2151 maxima
737 2113 1019 2164 superstitione
1039 2114 1262 2151 coluerunt.
1292 2113 1480 2163 Ignoran-

127 2168 182 2217 tia
212 2179 368 2225 laberis,
391 2179 422 2217 si
455 2178 629 2228 priorum
663 2186 731 2216 aut
763 2179 910 2217 oblitus
931 2185 997 2217 aut
1031 2178 1179 2217 inscius
1211 2177 1476 2228 posteriorum

127 2244 355 2282 recordaris.
394 2243 453 2293 (3)
494 2244 599 2281 Nam
640 2250 679 2281 et
719 2243 791 2293 ipsi
834 2245 965 2282 Deum
998 2251 1190 2289 nostrum,
1224 2242 1334 2282 idem
1369 2241 1476 2281 enim

127 2310 309 2348 omnium
334 2311 443 2348 Deus
465 2316 533 2356 est,
564 2310 876 2358 dereliquerunt:
896 2308 1092 2359 quamdiu
1113 2307 1220 2346 enim
1242 2320 1335 2346 eum
1356 2313 1475 2353 caste,

126 2374 288 2413 innoxie
326 2374 588 2425 religioseque
626 2375 846 2420 coluerunt,
888 2373 1082 2424 quamdiu
1122 2371 1342 2424 praeceptis
1377 2373 1477 2410 salu—
