1619 2596
186 94 275 136 104
650 93 1042 125 COMMENTAlRE.

220 205 254 240 7.
278 204 364 237 Rex
382 214 398 236 «
417 207 447 236 la
465 206 552 237 reine
568 214 583 237 ))
609 206 666 238 des
689 207 823 238 abeilles
841 218 848 238 z
875 208 954 244 dux,
976 208 1006 239 le
1031 206 1157 244 helien
1182 213 1294 246 rector,
1313 209 1343 240 le
1367 215 1510 241 taureau.

178 255 287 292 Lact..
317 255 369 286 De
393 256 447 285 ira
471 255 548 293 Dei,
583 263 633 293 ιι,
652 265 671 293 4
701 267 708 285 :
738 266 793 286 nec
816 257 853 286 in
877 262 1025 287 armento
1047 262 1107 287 aut
1124 267 1220 297 grege
1243 258 1336 288 duces
1358 258 1514 289 multi.—

177 303 369 337 Summam
395 305 631 344 potestatem,
648 311 750 336 terme
769 305 813 336 du
830 305 916 335 droit
932 305 1055 346 public.
1073 305 1229 347 applique
1255 306 1294 337 ici
1323 305 1342 337 ἐι
1369 306 1515 348 l’empire

177 352 296 384 celeste
312 364 320 391 ;
337 351 377 384 ef.
398 352 502 393 Virg.,
522 355 624 391 Aen„
647 361 698 391 10,
721 362 782 385 100
801 366 806 384 :
829 355 929 385 l‘aler
950 356 1161 395 ommpotens,
1189 366 1301 386 rerum
1326 356 1383 386 cui
1396 357 1515 396 prima

169 407 320 442 poteslas.
343 401 451 439 Lact.‚
471 402 523 433 De
539 403 595 433 ira
610 402 689 440 Dei,
712 411 761 440 11,
780 403 800 434 6
819 415 827 433 :
855 403 990 434 Omnem
1016 404 1168 434 divinam
1185 409 1373 444 potestatem
1398 415 1516 435 necesse

175 456 220 481 est
244 452 280 481 in
305 461 370 481 uno
385 461 456 481 esse.
481 468 515 472 —
541 449 792 492 MaJestatem.
813 451 883 484 Cic.
904 450 984 492 (pro
1010 453 1132 490 Roscio,
1156 460 1228 493 131,
1255 459 1284 484 e!
1315 453 1439 490 Vatz'n.‚
1460 454 1514 491 22)

176 500 223 530 dit
251 499 334 530 aussi
353 500 491 540 imperii
511 501 766 540 majestatem.—
784 499 877 533 Cum
904 499 1024 542 palam
1038 498 1097 539 sit,
1119 512 1161 532 on
1189 512 1209 533 a
1236 513 1290 532 cru
1307 501 1387 543 qu’il
1404 512 1424 542 y
1440 512 1459 532 a
1475 501 1516 532 ici

176 559 239 580 une
256 549 370 579 lacune
391 560 398 578 z
416 548 498 581 dans
521 559 557 580 ce
573 549 628 590 qui
647 547 796 589 precede,
828 549 987 581 Octavius
1012 561 1133 591 prouve
1162 549 1275 582 l’unite
1302 550 1343 582 de
1360 550 1458 588 Dieu,
1485 556 1517 582 et

176 597 258 628 dans
285 608 321 629 ce
348 597 404 638 qui
431 598 505 635 suit,
527 597 547 628 il
572 600 662 639 parle
686 598 728 630 de
745 609 803 630 son
819 599 944 640 origine
964 606 995 630 et
1013 599 1053 630 de
1070 610 1129 630 son
1146 599 1295 631 eternite'.
1316 598 1406 631 C’est
1421 600 1453 630 la
1469 598 1516 631 τέ-

176 656 278 687 ponse
295 645 313 676 ὁ.
329 647 360 676 la
383 646 535 687 question
554 659 561 678 :
586 648 678 679 Unde
700 649 745 678 sit
762 648 826 685 (ch.
852 657 900 686 ιο,
921 651 964 689 3).
988 648 1081 679 Nous
1098 659 1239 690 pensons
1256 648 1335 690 qu’il
1354 647 1407 689 n'y
1423 659 1442 679 a
1458 659 1517 690 pas

176 695 217 726 de
234 696 350 726 lacune
366 701 398 726 et
413 706 478 736 que
494 697 542 728 les
565 697 719 729 attributs
736 697 846 729 infinis
862 698 904 729 de
921 698 1007 729 Dieu
1024 704 1098 729 sont
1115 696 1282 738 presentes
1298 707 1426 728 comme
1450 708 1516 729 une

177 754 299 784 preuve
312 744 464 775 nouvelle
475 742 570 783 (cum
583 756 665 787 pour
679 757 753 776 cum
763 746 984 787 praesertim)
995 746 1035 777 de
1049 757 1108 777 son
1122 744 1222 777 unite.
1235 765 1272 769 —
1282 745 1411 777 Palam
1424 743 1472 777 sit
1484 758 1514 772 =

171 794 382 834 perspicuum
406 794 451 824 sit
460 804 474 830 ,¹
498 793 663 826 l’adverbe
691 801 756 827 sert
783 795 964 827 d’attribut.
998 796 1049 827 De
1067 794 1188 833 meme,
1205 795 1292 833 Cic.,
1320 796 1364 826 In
1388 795 1516 830 Pison.‚

180 850 215 873 11
238 853 246 873 ι
264 842 340 873 lzaec
361 853 568 874 commemoro
590 854 672 884 quae
695 850 775 875 sunt
791 846 917 886 palam.
949 863 986 867 —
1015 843 1085 887 Qui
1108 846 1282 886 praestet,
1310 842 1369 885 qui
1395 841 1514 881 fuerit,

177 892 207 922 le
223 891 306 931 subi.
327 901 462 933 marque
490 892 521 923 la
548 902 653 924 cause.
675 911 711 916 —
741 891 984 926 Nativitatem
1011 902 1027 925 ‹<
1046 895 1078 925 la
1093 893 1261 925 naissance
1279 901 1306 925 ›>.
1338 894 1413 924 Mot
1429 898 1515 934 post-

176 939 346 981 classique.
367 940 437 972 Cic.
458 941 505 972 dit
531 946 623 972 ortus
639 952 680 973 ou
697 943 854 973 nascendi
867 943 1008 973 condicio
1024 954 1065 973 ou
1089 948 1225 983 tempus,
1245 949 1323 979 etc.‚
1342 941 1471 973 suivant
1487 942 1517 972 le

175 999 260 1020 sens,
280 1008 318 1012 —
337 988 641 1031 perpetuitatem.
661 990 712 1022 Cf.
732 992 859 1032 Epist„
877 993 902 1022 l
914 991 1005 1022 Pauli
1024 993 1070 1022 ad
1095 992 1126 1021 T
1123 992 1251 1028 imotlz.‚
1271 991 1302 1028 6,
1326 998 1364 1031 13
1383 1002 1391 1021 z
1409 1001 1515 1021 coram

174 1039 246 1069 Deo
271 1040 334 1079 qui
361 1039 510 1080 ve'vg‘ficat
536 1041 688 1071 omnia...
724 1041 794 1079 Qui
816 1041 903 1071 solus
929 1041 1022 1072 lzabet
1049 1041 1343 1071 immortalitatem.
1370 1056 1412 1060 —
1444 1037 1516 1080 Qui

169 1086 284 1128 jubet,
304 1094 382 1125 etc.‚
402 1098 454 1119 ces
471 1088 552 1120 trois
568 1089 793 1130 propositions
808 1100 849 1121 ne
866 1095 939 1121 sont
957 1101 1015 1131 pas
1031 1101 1071 1120 au
1089 1089 1188 1130 subj.‚
1209 1100 1305 1131 parce
1321 1088 1458 1130 qu⁷elles
1474 1099 1516 1120 ne

175 1143 348 1178 marquent
365 1148 424 1178 pas
439 1138 471 1168 la
487 1148 593 1175 cause,
614 1138 695 1170 mais
711 1137 931 1170 determinent
947 1139 1157 1180 simplement
1175 1140 1205 1170 le
1218 1139 1302 1180 sujet
1319 1145 1336 1169 ((
1351 1137 1396 1169 lui
1411 1137 1469 1179 qui
1483 1145 1511 1168 D.

174 1185 357 1217 Tertullien
374 1184 509 1227 (Apol.,
529 1194 578 1225 17,
602 1192 629 1224 Ι)
648 1187 695 1218 dit
715 1199 722 1218 :
745 1188 840 1226 Quod
858 1189 1004 1226 colimus,
1023 1188 1117 1218 Deus
1139 1199 1229 1218 unus
1251 1192 1306 1224 est,
1332 1188 1396 1228 qui
1415 1191 1514 1217 totam

174 1235 287 1266 molem
313 1236 450 1267 istam...
477 1236 580 1273 verbo,
606 1247 669 1276 quo
683 1237 801 1278 jussit,
829 1238 965 1274 ratione,
991 1248 1059 1277 qua
1085 1238 1255 1278 disposuit,
1281 1237 1418 1274 virtute,
1448 1246 1516 1276 qua

166 1285 289 1324 potuit,
316 1285 352 1315 de
376 1285 483 1315 nihilo
505 1286 673 1326 expressit.
694 1304 735 1308 -—
758 1284 868 1327 Jubet
891 1297 972 1328 pour
995 1297 1058 1317 esse
1071 1286 1168 1327 jubet
1191 1293 1209 1318 «
1225 1285 1356 1327 appelle
1371 1283 1392 1316 ὲ
1407 1283 1513 1316 l'exis-

173 1337 280 1370 tence,
299 1332 372 1365 cre'e
390 1341 407 1365 »
425 1345 433 1370 3
450 1333 489 1364 cs.
510 1334 615 1364 voluit
628 1342 680 1372 22,
702 1341 719 1375 5
737 1346 745 1372 ;
770 1335 924 1366 nolumus
947 1342 978 1374 7,
998 1335 1028 1366 6.
1049 1352 1089 1355 —
1116 1332 1318 1376 Dispensat
1334 1341 1352 1365 <(
1370 1333 1512 1375 dispose,

174 1381 276 1423 tegle,
295 1392 461 1423 gouverne
479 1391 506 1414 ›>.
539 1382 593 1415 On
623 1383 689 1414 voit
716 1394 780 1425 que
807 1385 973 1425 dispensat
993 1391 1041 1415 est
1069 1394 1251 1425 synonyme
1278 1383 1319 1414 de
1346 1383 1492 1423 disponit
1502 1392 1517 1419 ‚·

174 1431 213 1462 cf.
235 1431 320 1469 Cic.,
344 1432 453 1469 Orat.‚
488 1441 514 1468 Ι,
536 1440 573 1472 31
595 1444 602 1463 ε
627 1434 765 1464 inventa
789 1444 853 1464 non
877 1434 981 1464 solum
1004 1434 1131 1471 ordine,
1157 1433 1214 1464 sed
1232 1433 1332 1463 etiam
1359 1436 1517 1462 momento

174 1481 313 1521 quodam
337 1485 434 1521 atque
447 1482 578 1521 judicio
601 1482 787 1523 dispensare
810 1487 906 1523 atque
928 1482 1106 1523 disponere.
1122 1500 1164 1504 —
1180 1479 1326 1513 Virtute
1343 1489 1360 1513 (<
1378 1491 1412 1512 sa
1429 1480 1516 1522 puis-

176 1539 273 1560 sance
291 1537 318 1561 »-

218 1625 248 1660 8.
269 1624 404 1658 Videri.
427 1627 475 1658 M.
492 1627 528 1658 F.
551 1628 693 1669 emploie
717 1635 856 1660 souvent
879 1629 990 1659 videri
1010 1639 1051 1659 au
1076 1638 1150 1659 sens
1174 1627 1277 1668 passif
1293 1626 1416 1667 (cerni,
1443 1637 1514 1657 con-

174 1675 278 1716 spici)
290 1686 304 1713 ;
330 1677 406 1706 visu
427 1690 456 1703 =
477 1687 577 1716 quam
596 1682 634 1707 ut
648 1678 805 1708 videatur
814 1691 827 1715 ;
845 1682 933 1708 tactu
954 1689 983 1702 =
1003 1688 1102 1718 quam
1129 1681 1166 1706 ut
1188 1682 1350 1717 tangatur
1361 1687 1376 1714 ;
1394 1677 1518 1717 purior

175 1731 284 1765 «trop
312 1724 424 1762 subtil,
455 1724 651 1757 immateriel
679 1737 761 1768 pour
779 1734 796 1759 »
817 1738 825 1763 ;
853 1727 1030 1757 aestimari
1052 1733 1069 1757 ((
1087 1725 1155 1757 ἓῑῐθ
1183 1724 1310 1764 e'valu6‚
1339 1723 1465 1757 mesure
1483 1732 1514 1756 ».

173 1774 327 1812 Tertull.,
347 1774 406 1812 ib„
439 1781 487 1812 17,
508 1782 525 1804 2
547 1786 553 1805 :
582 1775 770 1806 lnvzlsibz'lis
792 1780 848 1813 est,
875 1776 938 1806 etsi
961 1775 1117 1806 videatur
1130 1785 1144 1812 ;
1167 1774 1513 1816 incomprehensibilis,

172 1823 235 1853 etsi
241 1828 306 1863 per
321 1824 471 1863 gratiam
496 1829 780 1863 repraesentetur:
808 1823 1072 1861 z'naestimahilzs,
1098 1825 1161 1854 etsi
1185 1823 1345 1854 humanis
1370 1823 1518 1854 sensibus

173 1873 372 1903 aestimetur.
394 1889 435 1892 —
453 1870 532 1904 Soli
555 1870 624 1904 sibi
647 1874 766 1905 notus.
786 1873 941 1910 Tertull.,
963 1873 1073 1913 Apol„
1097 1880 1145 1911 17,
1166 1881 1184 1913 3
1204 1883 1213 1904 ε
1244 1873 1339 1911 Quod
1357 1882 1432 1903 vero
1455 1873 1515 1902 im-

174 1931 322 1951 mensum
339 1927 394 1959 est,
421 1923 483 1952 soli
503 1922 568 1952 sibi
591 1927 703 1952 notum
727 1928 782 1953 est.
811 1941 851 1945 —-
879 1921 937 1953 Ad
965 1920 1186 1954 intellectum
1214 1933 1296 1963 pour
1323 1922 1369 1952 ad
1392 1921 1515 1952 intelle-

169 1970 313 2010 gendum
330 1981 403 2001 eum
419 1973 505 2011 (voy.
533 1980 565 2009 4,
585 1973 631 2011 5);
645 1973 773 2012 pectus
795 1979 812 2003 <<
830 1977 924 2002 notre
940 1971 1150 2012 intelligence
1168 1979 1197 2008 »‚
1218 1971 1249 2001 la
1273 1970 1413 2012 poitrine
1436 1969 1516 2001 etait

174 2017 363 2050 consideree
380 2030 508 2051 comme
524 2021 554 2051 le
571 2019 659 2061 siege
676 2020 717 2051 de
734 2020 966 2060 l'intelligence
982 2020 1067 2051 aussi
1084 2020 1159 2051 bien
1176 2030 1240 2061 que
1256 2019 1299 2050 du
1317 2018 1493 2050 sentiment
1507 2031 1514 2050 :

174 2078 217 2098 on
233 2067 331 2099 disait
347 2073 408 2099 toto
424 2074 549 2109 pectore
572 2080 684 2100 amare
700 2075 731 2100 et
748 2071 887 2109 fugitare
905 2069 1003 2107 (Cic.,
1039 2070 1068 2099 T
1065 2080 1142 2100 asc..
1169 2078 1198 2108 2,
1227 2069 1268 2110 58
1285 2075 1316 2100 et
1334 2069 1386 2099 De
1401 2069 1514 2106 amic„

178 2125 207 2154 1,
225 2118 294 2156 49).
314 2135 355 2140 -—
379 2115 443 2150 Sic
466 2128 615 2149 annonce
638 2119 743 2155 dnm;
766 2118 806 2150 cs.
826 2118 877 2150 ch.
900 2118 928 2155 6,
949 2126 976 2148 2.

217 2214 248 2249 9.
281 2214 605 2257 Quemadmodum.
627 2215 766 2248 Cice'ron
784 2216 831 2247 dit
852 2229 858 2247 ε
877 2218 981 2248 dicam
1005 2218 1094 2257 quod
1112 2219 1224 2255 sentio,
1245 2227 1285 2247 ou
1311 2216 1386 2248 bien
1407 2228 1414 2247 :
1433 2215 1520 2256 quid

172 2266 313 2295 sentiam
337 2267 517 2305 cognoscite.
546 2265 596 2297 Cf.
627 2265 679 2306 36,
707 2274 735 2306 5.
757 2282 799 2286 —
826 2265 911 2298 Non
941 2264 1054 2304 novit,
1085 2266 1297 2308 brachylogie
1325 2276 1431 2307 pour:
1453 2272 1472 2296 (ι
1491 2264 1513 2295 il

174 2324 296 2354 prouve
313 2326 371 2356 par
388 2314 541 2346 lii-meme
564 2314 644 2356 qu’il
670 2325 710 2346 ne
727 2317 858 2347 connait
877 2326 934 2357 pas
958 2323 1044 2347 cette
1067 2316 1230 2357 grandeur
1248 2323 1277 2347 ›>.
1299 2315 1361 2347 Sur
1382 2316 1414 2345 la
1437 2323 1512 2345 con-

171 2363 331 2395 stmction
349 2362 614 2405 (commutatio),
630 2374 704 2404 voy.
727 2372 777 2402 10,
798 2371 814 2405 5
834 2364 887 2395 fin.
