1619 2596
169 71 228 103 10
699 72 964 105 OCTAVIUS.

158 183 298 220 saltem
324 183 508 220 Romana
528 182 758 232 superstitio
778 187 1008 222 noverunt?
1029 184 1088 234 (4)
1109 185 1356 234 Judaeorum
1370 186 1453 222 sola
1469 192 1507 223 et

160 245 301 284 misera
320 246 521 296 gentilitas
542 260 667 285 unum
688 256 727 286 et
747 247 822 298 ipsi
839 250 974 295 deum,
994 251 1064 287 sed
1087 250 1229 299 palam,
1249 250 1321 287 sed
1334 249 1506 299 templis,

157 311 245 357 aris,
280 311 450 350 victimis
485 312 820 363 caerimoniisque
854 315 1076 361 coluerunt,
1116 316 1230 364 cujus
1271 314 1374 352 adeo
1402 316 1510 353 nulla

159 375 216 414 vis
246 388 321 414 nec
351 384 529 425 potestas
563 385 634 423 est,
676 385 718 415 ut
749 378 798 416 sit
830 378 1026 417 Romanis
1056 378 1288 417 bominibus
1316 391 1409 417 cum
1439 391 1509 416 sua

157 441 233 480 sibi
283 441 446 480 natione
494 442 685 493 captivus.
729 444 788 494 (5)
830 447 882 483 At
930 445 1052 483 etiam
1102 444 1320 484 Christiani
1361 451 1510 493 quanta

161 514 352 554 monstra,
386 520 489 557 quae
528 515 712 558 portenta
746 510 1012 560 confingunt!
1058 511 1190 548 Deum
1225 509 1337 548 illu‘m
1378 521 1506 554 suum,

159 585 280 621 quem
328 585 402 610 nec
450 575 663 612 ostendere
711 582 880 624 possunt
930 588 1005 613 nec
1045 575 1190 621 videre,
1240 573 1280 612 in
1329 574 1509 612 omniurn

160 651 303 685 mores,
337 646 451 677 actus
491 639 684 686 omnium,
722 640 843 678 verba
877 640 1054 690 denique
1089 648 1128 679 et
1157 640 1336 679 occultas
1365 639 1512 690 cogita-

158 703 288 742 tiones
336 704 548 753 diligenter
597 705 808 754 inquirere,
861 706 1153 744 discurrentem
1193 705 1344 743 scilicet
1391 713 1512 754 atque

158 768 310 818 ubique
330 777 593 819 praesentem.
625 771 844 808 Molestum
883 771 994 808 illum
1025 772 1176 817 volunt,
1198 770 1435 819 inquietum,
1457 769 1512 807 in-

158 834 357 883 pudenter
384 835 506 873 etiam
540 834 756 882 curiosum,
783 835 984 885 siquidem
1013 837 1144 874 adstat
1173 835 1286 874 factis
1307 835 1511 882 omnibus,

158 898 257 938 locis
283 899 473 938 omnibus
503 900 723 951 intererrat,
752 914 844 939 cum
872 914 947 939 nec
974 901 1139 951 singulis
1167 899 1357 938 inservire
1386 899 1514 949 possit

159 978 229 1014 per
253 965 439 1004 universa
473 965 679 1004 districtus
713 978 788 1004 nec
822 966 1018 1004 universis
1053 967 1234 1004 sufficere
1270 965 1307 1003 in
1348 964 1512 1015 singulis

163 1036 396 1080 occupatus.

216 1096 290 1132 XI.
313 1095 424 1144 Quid
445 1097 556 1146 quod
577 1104 663 1134 toto
684 1096 771 1135 orbi
791 1104 829 1135 et
845 1096 917 1147 ipsi
943 1097 1096 1134 mundo
1113 1108 1203 1134 cum
1221 1094 1417 1133 sideribus
1432 1094 1512 1133 suis

162 1159 364 1198 minantur
395 1160 644 1207 incendium,
677 1161 833 1199 ruinam
856 1161 1083 1208 moliuntur,
1107 1160 1221 1210 quasi
1250 1167 1317 1198 aut
1347 1167 1511 1197 naturae

161 1225 305 1263 divinis
343 1225 497 1275 legibus
537 1225 778 1264 constitutus
816 1234 1004 1264 aeternus
1043 1225 1144 1263 ordo
1191 1224 1381 1270 turbetur,
1430 1230 1509 1269 aut,

160 1298 277 1339 rupto
312 1291 605 1329 elementorum
637 1291 822 1329 omnium
857 1291 1019 1329 foedere
1051 1298 1090 1328 et
1128 1288 1293 1328 caelesti
1330 1300 1512 1337 conpage

161 1354 298 1400 divisa,
334 1357 460 1394 moles
495 1355 580 1403 ista,
610 1369 690 1406 qua
721 1356 950 1394 continetur
985 1363 1024 1394 et
1058 1354 1240 1405 cingitur,
1271 1353 1512 1392 subruatur?

162 1419 222 1468 (2)
237 1421 324 1458 Nec
340 1421 416 1459 hac
430 1421 577 1459 furiosa
592 1421 785 1471 opinione
800 1420 983 1459 contenti
995 1420 1120 1458 aniles
1134 1419 1287 1457 fabulas
1300 1418 1514 1456 adstruunt

161 1495 200 1524 et
221 1487 468 1525 adnectunt:
489 1489 641 1526 renasci
666 1501 708 1526 se
728 1489 860 1526 ferunt
882 1495 973 1538 post
988 1495 1156 1524 mortem
1178 1493 1217 1524 et
1237 1485 1390 1524 cineres
1407 1493 1445 1523 et
1462 1485 1514 1522 fa-

161 1552 273 1589 villas
294 1559 334 1590 et
355 1552 494 1591 nescio
515 1566 594 1603 qua
615 1553 765 1592 fiducia
786 1552 1007 1592 mendaciis
1029 1552 1110 1590 suis
1131 1551 1303 1589 invicem
1323 1549 1512 1588 credunt:

160 1626 276 1666 putes
313 1629 383 1655 eos
418 1618 500 1667 jam
539 1618 741 1658 revixisse.
783 1618 842 1669 (3)
886 1621 1048 1667 Anceps
1089 1617 1237 1654 malum
1276 1622 1315 1653 et
1352 1613 1513 1665 gemina

160 1682 374 1730 dementia,
397 1685 510 1721 caelo
531 1691 569 1722 et
585 1684 709 1731 astris,
732 1697 835 1735 quae
852 1683 908 1722 sic
922 1682 1195 1731 relinquimus,
1214 1689 1255 1719 ut
1273 1679 1513 1725 invenimus,

158 1746 364 1786 interitum
385 1749 634 1796 denuntiare,
659 1749 736 1788 sibi
758 1749 925 1788 mortuis
946 1747 1144 1793 extinctis,
1175 1747 1242 1796 qui
1266 1746 1367 1784 sicut
1388 1744 1515 1783 nasci-

162 1824 248 1848 mur
267 1820 306 1850 et
326 1812 547 1860 interimus,
569 1817 848 1852 aeternitatem
871 1813 1151 1864 repromittere
1170 1814 1176 1849 l
1201 1812 1259 1860 (4)
1285 1811 1387 1848 Inde
1407 1809 1514 1847 vide-

161 1877 252 1915 licet
286 1885 325 1916 et
363 1886 597 1917 execrantur
630 1892 749 1929 rogos
780 1887 818 1917 et
854 1880 1048 1917 damnant
1083 1877 1236 1927 ignium
1276 1875 1513 1925 sepulturas,

162 1943 277 1992 quasi
306 1956 388 1981 non
422 1957 543 1983 omne
573 1958 730 1995 corpus,
767 1945 841 1983 etsi
876 1943 1052 1982 flammis
1091 1943 1357 1987 subtrahatur,
1397 1939 1514 1978 annis

162 2016 296 2046 tamen
317 2016 355 2046 et
375 2009 572 2048 aetatibus
593 2010 633 2047 in
663 2017 807 2049 terram
842 2010 1071 2054 resolvatur,
1095 2020 1170 2045 nec
1191 2006 1357 2052 intersit,
1380 2013 1512 2043 utrum

163 2074 267 2111 ferae
287 2073 475 2124 diripiant
502 2088 553 2113 an
580 2075 703 2114 maria
732 2082 975 2113 consumant
1008 2087 1059 2111 an
1090 2073 1234 2110 humus
1256 2077 1441 2119 contegat
1462 2083 1512 2107 an

162 2139 323 2177 flamma
342 2140 553 2188 subducat,
585 2154 677 2179 cum
698 2139 960 2179 cadaveribus
981 2138 1114 2177 omnis
1135 2138 1352 2188 sepultura,
1375 2135 1406 2173 si
1427 2148 1514 2173 sen-

163 2204 276 2250 tiunt,
299 2218 431 2254 poena
451 2205 511 2251 sit,
534 2205 567 2244 si
599 2219 680 2244 non
708 2205 899 2250 sentiunt,
932 2205 1017 2254 ipsa
1046 2201 1290 2241 conficiendi
1311 2201 1513 2239 celeritate

164 2269 376 2308 medicina.
401 2271 460 2320 (5)
484 2272 577 2309 Hoc
607 2284 738 2309 errore
764 2269 925 2320 decepti
957 2270 1115 2307 beatam
1142 2268 1229 2314 sibi,
1252 2275 1293 2304 ut
1324 2265 1452 2311 bonis,
1473 2272 1512 2303 et

165 2342 370 2386 perpetem
393 2336 512 2374 vitam
536 2336 702 2375 mortuis
722 2335 973 2387 pollicentur,
996 2333 1150 2380 ceteris,
1173 2340 1216 2371 ut
1236 2331 1402 2381 injustis,
1425 2342 1517 2380 poe-
