1619 2596
507 81 788 112 CHAPITRES
826 81 1085 112 XVIII-XIX.
1334 58 1337 59 ⁷
1436 80 1493 123 19

145 204 206 235 est
234 208 286 234 an
307 194 527 234 Christiani
555 192 784 231 confitentis
806 194 963 231 oratio?
995 195 1045 232 Et
1080 193 1148 243 qui
1180 195 1324 242 Jovem
1353 193 1498 244 princi-

146 274 241 312 pem
260 261 412 307 volunt‚
435 260 624 297 falluntur
644 258 682 295 in
705 258 880 304 nomine,
904 259 975 296 sed
997 259 1046 297 de
1068 271 1146 296 una
1176 264 1375 308 potestate
1405 271 1498 297 con-

147 326 339 365 sentiunt.

200 392 317 428 XIX.
338 390 475 428 Audio
496 397 636 440 poetas
665 402 829 438 quoque
865 402 989 427 unum
1019 396 1173 438 patrem
1209 388 1343 427 divum
1375 398 1497 438 atque

147 456 359 494 hominum
392 455 682 505 praedicantes,
714 462 753 492 et
788 456 907 492 talem
939 468 1025 493 esse
1060 454 1286 493 mortalium
1319 463 1496 494 mentem

146 522 308 571 qualem
329 533 472 571 parens
501 519 683 558 omnium
704 519 812 557 diem
833 520 999 557 duxerit.
1024 518 1083 568 (2)
1107 520 1217 568 Quid
1252 522 1498 559 Mantuanus

151 588 299 625 Maro?
319 587 469 624 Nonne
489 584 672 635 apertius,
697 585 926 634 proximius,
947 586 1075 623 verius
1105 596 1124 625 «
1148 585 1397 636 principio,
1430 587 1497 634 ait,

150 654 333 690 caelum
377 665 427 689 ac
467 659 614 689 terras
653 659 692 688 et
732 658 863 688 cetera
902 651 1041 688 mundi
1086 652 1265 689 membra
1305 652 1500 701 spiritus

151 717 276 755 intus
320 716 402 754 alit
451 723 489 753 et
534 715 688 752 infusa
732 728 861 753 mens
905 715 1064 764 agitat,
1108 715 1217 754 inde
1261 717 1499 755 hominum

152 783 481 833 pecudumque
519 794 661 831 genus
696 790 734 818 et
768 780 962 830 quicquid
1002 780 1109 819 aliud
1149 781 1383 819 animalium
1415 784 1430 819 ?
1479 793 1498 820 >›

154 848 269 886 Idem
298 847 378 884 alio
398 848 488 884 loco
510 854 685 883 mentem
715 845 830 883 istam
866 854 904 883 et
939 845 1119 895 spiritum
1151 847 1270 884 deum
1306 847 1500 885 nominat.

154 914 271 950 Haec
291 911 399 950 enim
419 912 539 949 verba
560 919 653 948 sunt
674 927 680 947 ;

504 1035 624 1072 deum
647 1047 823 1084 namque
845 1035 897 1072 ire
915 1048 985 1084 per
1006 1048 1146 1073 omnes

263 1109 463 1150 terrasque
483 1106 711 1148 tractusque
735 1100 852 1137 maris
875 1101 1111 1149 caelumque
1133 1101 1392 1149 profundum,

263 1165 371 1203 unde
392 1164 599 1202 hominum
614 1178 735 1213 genus
757 1173 795 1202 et
819 1166 1006 1214 pecudes,
1030 1166 1138 1204 unde
1160 1165 1287 1204 imber
1319 1174 1355 1204 et
1378 1166 1501 1216 ignes,

209 1289 320 1339 Quid
340 1289 449 1326 aliud
470 1297 509 1326 et
541 1302 564 1325 a
586 1288 706 1326 nobis
730 1290 838 1326 Deus
861 1303 980 1339 quarn
1004 1303 1115 1328 mens
1145 1300 1184 1327 et
1207 1290 1305 1328 ratio
1337 1299 1375 1328 et
1397 1292 1506 1342 spiri-

154 1363 218 1394 tus
238 1354 488 1406 praedicatur
503 1356 520 1391 ?

207 1420 268 1470 (3)
288 1421 606 1464 Recenseamus,
630 1418 661 1456 si
682 1419 825 1468 placet,
851 1418 1107 1468 disciplinam
1139 1418 1477 1469 philosophorum
1498 1434 1504 1457 :

151 1485 433 1536 deprehendes
454 1497 535 1531 eos,
553 1484 627 1522 etsi
662 1483 914 1522 sermonibus
936 1483 1064 1529 variis,
1083 1483 1178 1534 ipsis
1216 1492 1351 1523 tamen
1388 1486 1506 1524 rebus

151 1551 192 1589 in
214 1552 317 1589 hanc
350 1562 473 1588 unam
508 1550 616 1588 coire
650 1557 688 1586 et
723 1549 955 1599 conspirare
985 1549 1238 1588 sententiam.
1265 1550 1325 1601 (4)
1347 1551 1506 1590 Omitto

151 1617 241 1654 illos
279 1617 398 1655 rudes
438 1622 477 1654 et
507 1622 672 1661 veteres,
704 1615 771 1663 qui
812 1615 862 1652 de
898 1614 978 1652 suis
1018 1614 1134 1652 dictis
1175 1614 1378 1664 sapientes
1418 1629 1507 1655 esse

156 1688 400 1719 meruerunt.
423 1681 480 1718 Sit
500 1681 651 1718 Thales
667 1679 852 1718 Milesius
875 1680 1056 1717 omnium
1079 1679 1242 1729 primus,
1271 1681 1337 1730 qui
1356 1682 1507 1731 primus

156 1746 340 1785 omnium
357 1747 408 1785 de
419 1746 659 1784 caelestibus
676 1745 906 1795 disputavit.
929 1747 968 1782 Is
989 1751 1125 1783 autem
1151 1745 1336 1784 Milesius
1356 1748 1508 1786 Thales

154 1825 284 1851 rerum
305 1811 463 1850 initium
484 1825 630 1861 aquam
653 1812 762 1853 dixit.
784 1813 903 1849 deum
935 1822 1067 1849 autem
1091 1825 1178 1849 eam
1203 1820 1382 1850 mentem
1404 1826 1509 1862 quae

156 1891 204 1917 ex
218 1891 322 1927 aqua
341 1885 486 1915 cuncta
504 1876 747 1915 formaverit.
775 1878 870 1913 Esto
895 1876 1010 1914 altior
1031 1885 1069 1914 et
1091 1877 1301 1915 sublimior
1321 1891 1449 1928 aquae
1470 1887 1509 1918 et

154 1943 314 1994 spiritus
335 1942 446 1990 ratio,
469 1955 589 1992 quarn
611 1950 653 1980 ut
688 1942 738 1979 ab
761 1941 925 1979 homine
957 1942 1130 1991 potuerit
1161 1942 1341 1990 inveniri,
1364 1956 1387 1981 a
1419 1945 1509 1982 Deo

155 2008 380 2046 traditum:
419 2008 531 2046 vides
566 2007 799 2057 philosophi
836 2006 1067 2056 principalis
1101 2007 1317 2045 nobiscum
1348 2009 1510 2058 penitus

154 2072 390 2124 opinionem
425 2085 659 2111 consonare.
698 2072 757 2123 (5)
799 2073 1071 2110 Anaximenes
1106 2072 1301 2123 deinceps
1341 2081 1380 2112 et
1418 2085 1510 2124 post

160 2139 438 2190 Apolloniates
477 2139 682 2190 Diogenes
723 2142 815 2178 aera
852 2141 973 2178 deum
1013 2147 1195 2177 statuunt
1234 2139 1437 2179 infinitum
1472 2149 1511 2180 et

158 2205 410 2243 inmensum:
443 2206 584 2243 horum
617 2218 779 2255 quoque
809 2205 946 2243 similis
975 2206 1025 2243 de
1054 2205 1264 2244 divinitate
1294 2208 1512 2246 consensio

159 2278 230 2309 est.
249 2270 307 2321 (6)
330 2259 592 2320 Anaxagorae
612 2284 706 2309 vero
729 2270 938 2321 discriptio
960 2280 998 2309 et
1019 2278 1145 2309 motus
1167 2271 1345 2310 infinitae
1366 2274 1511 2313 mentis

159 2337 259 2374 deus
279 2335 434 2382 dicitur,
457 2343 495 2373 et
527 2336 778 2386 Pythagorae
807 2337 907 2374 deus
936 2343 995 2374 est
1015 2336 1173 2374 animus
1194 2349 1264 2386 per
1284 2337 1510 2377 universam
