1619 2596
437 55 719 86 CHAPITRES
756 55 1039 87 XXXVII-XL.
1296 71 1299 73 Δ
1350 58 1412 101 43

118 169 179 220 (5)
202 169 374 208 Proinde
403 170 585 207 Socrates
616 181 750 207 scurra
771 169 930 206 Atticus
951 169 1104 215 viderit,
1130 169 1226 207 nihil
1250 183 1292 208 se
1311 169 1410 208 scire

58 236 283 281 confessus,
305 234 536 272 testimonio
557 233 649 271 licet
683 233 924 271 fallacissimi
955 234 1165 272 daemonis
1200 235 1409 284 gloriosus,

63 302 259 341 Arcesilas
293 315 455 353 quoque
475 310 515 340 et
550 302 781 341 Carneades
803 309 840 338 et
874 302 1022 350 Pyrrho
1044 309 1082 338 et
1103 301 1234 339 omnis
1256 303 1411 340 Acade-

64 367 256 405 micorum
271 367 486 405 multitudo
502 367 711 413 deliberet,
724 366 954 404 Simonides
971 366 1089 404 etiam
1112 366 1152 403 in
1173 374 1408 416 perpetuum

52 433 377 482 ‘conperendinet
405 447 412 469 :
451 430 782 481 philosophorum
839 429 1050 480 supercilia
1090 432 1406 478 contemnimus,

54 510 162 546 -quos
182 506 434 547 corruptores
455 504 492 534 et
508 497 712 534 adulteros
733 495 916 533 novimus
933 502 1175 544 et-tyrannos
1192 503 1230 533 et
1251 510 1409 548 semper

61 564 250 601 adversus
270 577 341 601 sua
361 563 455 602 vitia
476 565 681 602 facundos.
706 563 763 613 (6)
783 564 878 610 Nos,
902 564 971 611 qui
990 576 1071 600 non
1094 563 1233 601 habitu
1255 564 1408 614 sapien-

60 629 155 666 tiam
190 630 260 666 sed
298 636 432 667 mente
466 630 736 679 praeferimus,
771 642 851 666 non
891 628 1116 677 eloquimur
1155 642 1298 679 magna
1336 631 1407 668 sed

61 693 240 740 vivimus,
262 693 475 743 gloriamur
500 708 572 732 nos
602 701 842 732 consecutos
874 695 983 742 quod
1013 693 1067 730 illi
1098 706 1253 732 summa
1282 694 1409 733 inten-

61 758 171 795 tione
190 758 475 806 quaesiverunt
494 772 569 796 nec
589 758 767 796 invenire
788 765 1016 807 potuerunt.

115 823 174 873 (7)
197 824 305 872 Quid
326 823 467 873 ingrati
487 838 637 870 sumus,
663 824 760 874 quid
791 825 906 862 nobis
938 823 1176 869 invidemus,
1196 824 1225 861 si
1264 823 1407 862 veritas

59 888 276 927 divinitatis
298 890 422 927 nostri
442 890 633 940 temporis
666 897 796 928 aetate
832 889 1053 928 maturuit?
1083 890 1276 926 Fruamur
1296 890 1406 927 bono

60 962 197 993 nostro
218 963 257 993 et
278 957 411 1004 regula
451 955 547 994 recti
575 956 815 993 sententiam
839 964 1134 1005 temperemus:
1172 954 1408 992 cohibeatur

60 1020 304 1070 superstitio,
327 1019 512 1069 impietas
526 1021 716 1070 expietur,
742 1034 830 1059 vera
851 1020 989 1069 religio
1010 1028 1239 1057 reservetur.
1262 1029 1282 1058 >7

115 1087 308 1123 XXXIX.
333 1086 437 1125 Cum
472 1086 663 1124 Octavius
702 1095 941 1135 perorasset,
964 1085 1211 1134 aliquamdiu
1248 1098 1321 1123 nos
1353 1087 1405 1124 ad

48 1150 261 1188 >silentium
290 1151 505 1200 stupefacti
540 1151 718 1189 intentos
740 1153 870 1189 vultus
891 1151 1139 1196 tenebamus,
1164 1158 1201 1188 et
1222 1152 1332 1199 quod
1353 1152 1404 1188 ad

58 1228 120 1253 me
149 1223 222 1263 est,
245 1216 521 1266 magnitudine
559 1216 834 1255 admirationis
874 1216 1028 1262 evanui,
1060 1216 1172 1264 quod
1208 1229 1264 1262 ea,
1302 1229 1404 1265 quae

56 1282 209 1321 facilius
229 1290 289 1321 est
323 1284 469 1321 sentire
489 1296 609 1332 quam
637 1284 783 1330 dicere,
807 1293 844 1322 et
864 1284 1108 1333 argumentis
1142 1290 1181 1320 et
1211 1283 1403 1333 exemplis

46 1354 94 1385 -et
114 1347 332 1385 lectionum
365 1348 672 1387 auctoritatibus
707 1351 954 1395 adornasset,
978 1358 1016 1387 et
1050 1349 1160 1398 quod
1182 1349 1400 1386 malevolos

54 1413 182 1451 isdem
203 1412 278 1450 illis
299 1413 445 1462 quibus
465 1421 679 1461 armantur,
704 1415 1040 1465 philosophorum
1061 1414 1148 1452 telis
1170 1413 1399 1460 retudisset,

52 1477 296 1516 ostendisset
330 1477 451 1516 etiam
486 1478 693 1516 veritatem
729 1493 810 1517 non
845 1481 1129 1517 tantummodo
1152 1478 1306 1516 facilem
1329 1480 1399 1517 sed

55 1552 93 1580 et
113 1543 383 1582 favorabilem.

108 1609 191 1646 XL.
218 1609 324 1646 Dum
347 1609 470 1647 istaec
491 1610 608 1659 igitur
627 1611 733 1659 apud
758 1624 820 1648 me
854 1610 999 1648 tacitus
1020 1612 1174 1657 evolvo,
1199 1610 1398 1655 Caecilius

43 1672 206 1722 erupit:
231 1682 249 1712 «
274 1674 360 1722 Ego
381 1673 551 1712 Octavio
573 1687 662 1712 meo
685 1674 896 1723 plurimum
920 1682 1128 1724 quantum,
1152 1677 1223 1713 sed
1241 1682 1278 1713 et
1301 1674 1397 1712 mihi

51 1739 225 1786 gratulor
241 1751 314 1776 nec
331 1747 498 1788 expecto
519 1741 771 1777 sententiam.
787 1740 966 1778 Vicimus
987 1750 1025 1778 et
1042 1740 1117 1778 ita:
1139 1749 1181 1778 ut
1202 1741 1396 1791 improbe,

52 1816 201 1853 usurpo
221 1803 437 1841 victoriam.
462 1805 566 1842 Nam
589 1813 629 1841 ut
652 1805 715 1842 ille
747 1806 822 1843 mei
845 1805 970 1843 victor
990 1814 1062 1852 est,
1086 1805 1139 1843 ita
1160 1819 1233 1855 ego
1264 1805 1398 1843 trium-

55 1868 196 1916 phator
215 1868 370 1906 erroris.

107 1932 166 1982 (2)
189 1933 342 1983 Itaque,
361 1935 472 1983 quod
492 1934 687 1984 pertineat
708 1936 760 1972 ad
782 1947 980 1972 summam
1004 1935 1262 1984 quaestionis,
1286 1943 1324 1972 et
1345 1935 1397 1973 de

52 1996 301 2046 providentia
319 1999 444 2037 fateor
470 2006 509 2037 et
527 2002 571 2036 de
594 2001 683 2038 Deo
704 2001 807 2038 cedo
838 2007 877 2038 et
907 2001 957 2037 de
987 2008 1119 2038 sectae
1138 2002 1219 2049 jam
1237 2007 1396 2038 nostrae

40 2063 277 2101 *sinceritate
308 2065 530 2103 consentio.
564 2065 697 2103 Etiam
734 2079 841 2104 nunc
876 2074 1009 2104 tamen
1031 2067 1165 2115 aliqua
1192 2064 1397 2103 consubsi-

50 2129 152 2165 dunt
186 2141 270 2166 non
307 2129 584 2179 obstrepentia
610 2131 775 2176 veritati,
813 2132 884 2169 sed
923 2132 1122 2180 perfectae
1154 2129 1397 2168 institutioni

49 2193 286 2241 necessaria,
307 2195 357 2232 de
378 2194 523 2244 quibus
545 2196 734 2242 crastino,
757 2197 868 2245 quod
887 2197 968 2245 jam
990 2198 1050 2233 sol
1082 2196 1243 2234 occasui
1277 2195 1397 2234 decli-

43 2257 107 2296 ‘vis
122 2266 195 2305 est,
216 2266 259 2297 ut
280 2260 331 2298 de
351 2267 438 2298 toto
458 2269 719 2311 congruentes
739 2261 962 2311 promptius
984 2262 1243 2310 requiremus.
1263 2271 1283 2301 >ῑ>

105 2323 164 2372 (3)
198 2333 218 2363 <(
255 2326 308 2362 At
340 2338 430 2375 ego,
450 2325 630 2375 inquam,
654 2326 842 2376 prolixius
877 2326 1058 2365 omnium
1092 2335 1272 2364 nostrum
1308 2326 1393 2363 vice
