1619 2596
541 85 819 117 CHAPITRES
860 85 1061 116 XII-XIV.
1428 86 1480 129 13

134 195 300 246 quisitio
340 194 490 233 tardior
527 202 720 245 pergeret,
753 202 865 232 tanto
898 197 1038 232 veritas
1074 195 1183 232 fieret
1216 194 1477 233 obscurior.»

138 262 198 311 (5)
230 262 324 299 Mea
367 273 530 310 quoque
573 259 776 309 opinione,
827 273 931 309 quae
980 269 1070 298 sunt
1113 259 1249 306 dubia,
1294 268 1337 297 ut
1374 268 1479 305 sunt,

135 326 399 376 relinquenda
433 333 537 372 sunt,
574 338 658 372 nec,
694 331 753 363 tot
792 338 838 363 ac
872 326 991 363 tantis
1032 325 1120 362 viris
1150 325 1479 370 deliberantibus,

134 399 284 430 temere
313 398 353 430 et
378 390 583 429 audaciter
614 390 653 427 in
691 392 855 428 alteram
896 399 1048 440 partem
1086 392 1250 428 ferenda
1283 390 1482 429 sententia

134 464 206 502 est,
244 469 294 494 ne
328 465 395 494 aut
427 456 542 494 anilis
572 456 783 494 inducatur
816 455 1044 504 superstitio
1082 463 1148 493 aut
1182 456 1312 493 omnis
1344 455 1481 505 religio

135 523 373 561 destruatur.
393 531 414 562 »
1027 520 1030 524 ’

187 587 300 624 XIV.
330 585 396 624 Sic
425 585 627 625 Caecilius
655 594 694 624 et
723 585 909 624 renidens
942 589 1053 634 (nam
1083 585 1369 635 indignationis
1391 588 1479 635 ejus

132 659 331 690 tumorem
352 652 499 689 effusae
515 651 708 689 orationis
723 650 896 700 impetus
918 651 1176 701 relaxaverat)
1199 667 1205 689 ε
1229 661 1250 691 <(
1266 651 1419 701 Ecquid
1430 653 1481 689 ad

134 717 235 754 haec
253 726 273 755 >>
296 716 350 754 ait
380 725 401 756 «
418 716 539 754 audet
569 715 773 763 Octavius,
806 717 927 754 homo
960 716 1168 754 Plautinae
1195 716 1415 766 prosapiae,
1440 724 1482 754 ut
1541 746 1544 749 .

135 781 331 831 pistorum
353 780 603 831 praecipuus,
628 781 681 818 ita
700 788 926 831 postremus
950 781 1282 831 philosophorum
1299 783 1315 819 ?
1333 792 1353 821 )>

189 846 248 896 (2)
273 856 293 886 «
317 847 438 884 Parce
461 856 494 892 »‚
532 846 708 895 inquam,
744 856 764 886 «
787 847 826 883 in
848 859 937 884 eum
960 847 1173 896 plaudere:
1210 859 1342 896 neque
1370 846 1479 885 enim

134 910 242 961 prius
275 912 450 949 exultare
470 919 508 949 te
541 911 710 961 dignum
730 918 788 949 est
820 911 1095 950 concinnitate
1131 912 1334 959 sermonis,
1358 925 1478 962 quam

135 976 335 1026 utrimque
355 976 511 1026 plenius
542 975 658 1014 fuerit
678 984 917 1026 peroratum,
943 977 1114 1015 maxime
1134 990 1225 1016 cum
1256 991 1337 1015 non
1357 977 1478 1024 laudi,

134 1042 208 1080 sed
240 1041 393 1080 veritati
428 1041 669 1091 disceptatio
703 1050 832 1080 vestra
867 1042 1023 1080 nitatur.
1056 1043 1114 1092 (5)
1152 1044 1202 1080 Et
1236 1056 1481 1093 quamquam

136 1119 324 1156 magnum
369 1105 410 1143 in
463 1106 630 1144 modum
669 1120 733 1144 me
772 1107 907 1144 subtili
946 1106 1129 1146 varietate
1169 1116 1236 1145 tua
1274 1108 1482 1146 delectarit

134 1171 274 1218 oratio,
297 1178 432 1209 tamen
463 1171 580 1209 altius
603 1184 777 1217 moveor,
802 1185 882 1210 non
913 1173 963 1210 de
993 1172 1190 1222 praesenti
1211 1172 1380 1219 actione,
1409 1175 1482 1212 sed

128 1237 185 1275 Tde
205 1242 291 1274 toto
306 1249 452 1286 genere
472 1236 716 1285 disputandi,
735 1239 845 1287 quod
858 1239 1093 1287 plerumque
1114 1251 1185 1288 pro
1201 1238 1481 1279 disserentium

134 1303 284 1341 viribus
304 1311 344 1341 et
377 1303 632 1353 eloquentiae
666 1312 863 1354 potestate
892 1304 1011 1343 etiam
1043 1304 1278 1354 perspicuae
1307 1304 1482 1343 veritatis

135 1368 324 1407 condicio
346 1375 532 1407 mutetur.
555 1367 614 1419 (4)
638 1370 688 1407 Id
712 1370 893 1408 accidere
923 1377 1133 1419 pernotum
1165 1377 1223 1408 est
1249 1369 1480 1408 auditorum

135 1432 337 1480 facilitate,
351 1433 430 1483 qui,
448 1434 547 1472 dum
563 1434 774 1472 verborum
788 1435 989 1473 lenocinio
1005 1448 1027 1473 a
1044 1447 1172 1472 rerum
1190 1434 1482 1474 intentionibus

134 1506 363 1547 avocantur,
399 1500 485 1538 sine
523 1499 674 1538 dilectu
714 1501 994 1539 adsentiuntur
1032 1501 1147 1539 dictis
1182 1500 1370 1539 omnibus
1406 1514 1482 1539 nec

134 1577 157 1602 a
194 1565 313 1603 rectis
347 1566 445 1603 falsa
480 1572 705 1611 secernunt,
754 1565 979 1604 nescientes
1014 1566 1143 1604 inesse
1177 1573 1216 1604 et
1251 1566 1482 1604 incredibile

135 1642 272 1668 verum
307 1637 346 1668 et
378 1630 592 1669 verisimile
621 1630 889 1669 mendacium.
913 1630 972 1680 (5)
1010 1632 1163 1681 Itaque,
1200 1644 1281 1681 quo
1322 1630 1480 1681 saepius

134 1695 505 1734 adseverationibus
553 1697 733 1742 credunt,
779 1709 828 1735 eo
866 1696 1113 1745 frequentius
1158 1710 1180 1735 a
1225 1696 1479 1747 peritioribus

135 1767 377 1810 arguuntur:
412 1761 468 1799 sic
499 1762 668 1800 adsidue
699 1762 920 1800 temeritate
952 1762 1108 1811 decepti
1139 1763 1299 1811 culpam
1331 1763 1478 1812 judicis

136 1826 376 1864 transferunt
415 1827 469 1864 ad
501 1827 639 1865 incerti
681 1828 910 1875 querellam,
953 1835 1005 1872 ut,
1046 1828 1243 1865 damnatis
1278 1827 1478 1876 omnibus,

137 1890 276 1929 malint
307 1891 491 1929 universa
525 1893 770 1941 suspendere
804 1904 925 1941 quam
957 1893 1007 1930 de
1040 1892 1247 1930 fallacibus
1287 1892 1477 1942 judicare.

136 1955 197 2006 (6)
219 1955 344 2005 Igitur
377 1956 495 1994 nobis
515 1957 812 2006 providendum
845 1964 916 2003 est,
955 1970 1004 1995 ne
1038 1957 1135 1995 odio
1156 1957 1377 1996 identidem
1403 1972 1482 1997 ser-

137 2032 303 2058 monum
318 2021 499 2059 omnium
512 2022 742 2060 laboremus
762 2021 827 2067 ita,
850 2030 893 2059 ut
914 2021 953 2059 in
975 2022 1268 2060 execrationem
1285 2031 1323 2061 et
1339 2023 1477 2062 odium

136 2085 346 2125 hominum
386 2087 564 2137 plerique
612 2086 873 2138 simpliciores
912 2088 1133 2126 efferantur.
1176 2089 1281 2126 Nam
1320 2088 1481 2129 incaute

138 2150 290 2189 creduli
310 2149 676 2191 circumveniuntur
696 2153 746 2191 ab
766 2152 827 2190 his
844 2165 945 2202 quos
960 2153 1087 2191 bonos
1108 2160 1360 2203 putaverunt:
1386 2168 1479 2193 mox

137 2229 268 2255 errore
305 2216 517 2264 consimili,
563 2219 647 2266 jam
693 2217 889 2268 suspectis
935 2218 1135 2264 omnibus,
1185 2226 1227 2257 ut
1274 2218 1480 2270 improbos

139 2289 322 2320 metuunt
341 2282 459 2320 etiam
481 2295 582 2333 quos
603 2283 779 2334 optimos
800 2283 944 2322 sentire
964 2291 1194 2334 potuerunt.

193 2347 252 2397 (7)
267 2349 352 2386 Nos
365 2347 534 2398 proinde
546 2349 717 2397 solliciti,
732 2350 842 2399 quod
855 2349 1053 2399 utrimque
1066 2349 1176 2388 omni
1189 2349 1349 2400 negotio
1361 2350 1482 2390 disse-
