1619 2596
593 61 879 93 CHAPITRES
918 62 1106 92 VI—VIII.
1497 64 1520 107 J

174 176 406 224 placaretur.
426 173 484 224 (3)
525 173 658 212 Testis
698 175 829 213 Mater
869 176 1001 222 Idaea,
1042 188 1144 225 quae
1178 175 1352 213 adventu
1385 188 1458 213 suo
1485 184 1523 213 et

175 239 353 290 probavit
369 246 574 277 matronae
587 239 811 278 castitatem
824 247 862 278 et
876 240 1016 278 urbem
1034 247 1142 278 metu
1164 239 1298 278 hostili
1323 240 1522 285 liberavit;

173 312 295 343 testes
333 304 577 355 equestrium
617 305 779 342 fratrum
818 304 858 342 in
900 306 1001 352 lacu,
1041 305 1145 343 sicut
1178 318 1214 342 se
1250 307 1521 352 ostenderant,

171 377 328 409 statuae
359 377 626 416 consecratae,
663 370 730 419 qui
762 371 896 409 anheli
931 371 1212 420 spumantibus
1248 371 1362 419 equis
1401 378 1522 421 atque

174 435 422 474 fumantibus
460 436 511 474 de
551 436 671 473 Perse
704 435 913 474 victoriam
953 437 1094 475 eadem
1134 435 1200 474 die
1235 449 1314 485 qua
1349 437 1522 474 fecerant

176 500 460 539 nuntiaverunt
477 515 488 549 ;
503 500 613 539 testis
629 501 816 539 ludorum
840 501 984 540 offensi
1005 501 1116 550 Jovis
1136 502 1187 539 de
1209 502 1369 540 somnio
1390 501 1523 550 plebei

178 566 352 604 hominis
373 565 527 605 iteratio
552 582 558 603 :
585 573 623 604 et
648 566 863 604 Deciorum
884 566 1046 604 devotio
1063 574 1145 604 rata
1167 566 1276 604 testis
1298 574 1384 614 est,
1414 566 1525 604 testis

175 639 215 669 et
246 631 420 677 Curtius,
460 631 528 680 qui
562 630 706 680 equitis
741 631 800 669 sui
839 633 900 669 vel
935 633 1041 669 mole
1079 632 1141 669 vel
1180 632 1335 670 honore
1370 631 1523 669 hiatum

177 697 397 746 profundae
444 695 639 746 voraginis
687 696 934 745 coaequavit.
978 697 1037 744 (4)
1081 696 1345 745 Frequentius
1390 696 1522 744 etiam,

175 775 296 813 quam
316 761 562 808 volebamus,
594 762 762 799 deorum
785 761 1050 810 praesentiam
1084 768 1319 811 contempta
1344 761 1523 811 auspicia

176 833 400 866 contestata
421 835 523 864 sunt.
558 826 622 864 Sic
643 826 748 864 Allia
784 836 803 865 «
822 840 972 865 nomen
993 826 1211 864 infaustum
1236 837 1270 872 Q
1307 826 1363 864 sic
1380 826 1525 865 Claudi

178 900 217 931 et
237 891 332 942 Juni
354 904 436 929 non
457 890 653 941 proelium
675 891 715 928 in
738 893 907 938 Poenos,
938 892 1010 930 sed
1032 892 1150 929 ferale
1182 891 1429 941 naufragium
1452 900 1524 939 est,

177 963 216 994 et
250 963 292 993 ut
330 955 588 993 Trasimenus
622 956 900 992 Romanorum
922 954 1114 1004 sanguine
1154 961 1192 993 et
1207 956 1331 1004 major
1352 961 1457 993 esset
1488 964 1525 992 et

176 1020 353 1065 decolor,
386 1019 531 1069 sprevit
578 1018 742 1068 auguria
774 1019 1004 1065 Flaminius,
1056 1026 1094 1057 et
1128 1028 1169 1056 ut
1211 1021 1376 1058 Parthos
1416 1019 1528 1068 signa

179 1092 421 1134 repetamus,
468 1084 641 1125 dirarum
687 1084 979 1134 inprecationes
1029 1085 1195 1124 Crassus
1244 1092 1283 1123 et
1310 1085 1451 1123 meruit
1491 1093 1527 1123 et

179 1150 316 1188 inrisit.
334 1149 393 1199 (5)
427 1149 581 1188 Omitto
620 1157 752 1187 vetera
782 1162 883 1199 quae
919 1151 1043 1187 multa
1073 1157 1176 1197 sunt,
1207 1158 1245 1189 et
1276 1151 1326 1188 de
1360 1151 1526 1189 deorum

180 1214 394 1261 natalibus,
431 1213 559 1260 donis,
602 1214 833 1252 muneribus
883 1215 1050 1264 neglego
1089 1214 1266 1252 carmina
1304 1223 1525 1264 poetarum,

179 1279 380 1329 praedicta
400 1279 519 1317 etiam
540 1280 590 1317 de
610 1279 779 1317 oraculis
801 1281 879 1317 fata
899 1279 1089 1325 transilio,
1111 1293 1162 1318 ne
1182 1279 1295 1317 vobis
1311 1280 1526 1331 antiquitas

178 1344 347 1382 nimium
382 1344 563 1382 fabulosa
601 1344 793 1382 videatur.
846 1345 1020 1383 Intende
1058 1344 1219 1395 templis
1264 1358 1309 1382 ac
1349 1345 1526 1384 delubris

177 1410 358 1456 deorum,
392 1408 538 1459 quibus
574 1410 760 1447 Romana
793 1408 930 1447 civitas
959 1416 998 1447 et
1028 1409 1247 1459 protegitur
1276 1416 1314 1448 et
1334 1419 1496 1448 ornatur
1520 1426 1527 1447 z

181 1475 303 1525 magis
324 1482 416 1513 sunt
436 1481 603 1524 augusta
624 1474 858 1512 numinibus
880 1474 1032 1521 incolis,
1054 1475 1344 1524 praesentibus,
1372 1475 1529 1525 inquili-

179 1540 240 1578 nis
260 1553 380 1590 quam
402 1541 522 1587 cultu,
546 1539 768 1590 insignibus
785 1547 823 1578 et
851 1540 1081 1579 muneribus
1103 1541 1303 1590 opulenta.
1329 1539 1389 1591 (6)
1426 1542 1529 1580 Inde

177 1606 281 1644 adeo
317 1605 422 1653 pleni
462 1613 500 1644 et
535 1605 642 1643 mixti
684 1606 761 1643 deo
801 1614 909 1644 vates
948 1607 1079 1643 futura
1119 1613 1396 1655 praecerpunt,
1432 1608 1530 1644 dant

178 1671 377 1709 cautelam
403 1670 602 1721 periculiS‚
638 1669 787 1708 morbis
804 1671 1030 1716 medellam,
1054 1683 1165 1720 spem
1187 1670 1370 1718 adflictis,
1407 1684 1526 1721 opem

181 1735 343 1783 miseris,
394 1735 589 1773 solacium
632 1735 938 1780 calamitatibus,
990 1735 1194 1774 laboribus
1244 1737 1525 1775 levamentum.

181 1800 311 1839 Etiam
347 1813 415 1850 per
453 1799 631 1850 quietem
664 1801 763 1838 deos
794 1800 990 1846 videmus,
1029 1801 1227 1848 audimus,
1259 1800 1527 1850 agnoscimus,

178 1877 281 1914 quos
300 1864 423 1914 impie
438 1878 506 1914 per
520 1863 629 1903 diem
647 1877 851 1914 negamus,
871 1866 1069 1911 nolumus,
1086 1866 1323 1915 pejeramus.

234 1929 354 1966 VIII.
388 1929 530 1978 Itaque
551 1941 643 1966 cum
664 1928 847 1967 omnium
868 1928 1049 1979 gentium
1081 1930 1132 1967 de
1153 1929 1214 1967 dis
1236 1929 1528 1975 inmortalibus,

178 1992 360 2043 quamvis
380 1993 531 2032 incerta
560 1993 610 2031 sit
630 1994 691 2031 vel
712 1993 810 2031 ratio
832 1995 893 2032 vel
910 1994 1033 2043 origo,
1068 2001 1226 2032 maneat
1252 2002 1386 2033 tamen
1419 1995 1530 2032 firma

178 2056 404 2105 consensio,
437 2057 642 2096 neminem
676 2059 759 2096 fero
780 2066 890 2097 tanta
910 2058 1078 2097 audacia
1113 2068 1277 2108 tamque
1298 2059 1527 2109 inreligiosa

178 2122 314 2161 nescio
334 2135 414 2172 qua
432 2122 643 2173 prudentia
663 2130 966 2170 tumescentem,
986 2124 1054 2174 qui
1071 2126 1174 2162 hanc
1190 2123 1422 2174 religionem
1446 2134 1526 2162 tam

179 2194 387 2235 vetustam,
409 2192 491 2226 tam
510 2188 661 2234 utilem,
684 2197 765 2227 tam
787 2190 986 2227 salubrem
1004 2189 1223 2228 dissolvere
1238 2197 1305 2226 aut
1328 2190 1526 2228 infirmare

179 2254 337 2292 nitatur.
352 2253 411 2303 (2)
443 2254 500 2292 Sit
519 2255 612 2294 licet
631 2254 697 2294 ille
717 2256 955 2294 Theodorus
977 2256 1218 2305 Cyrenaeus,
1252 2257 1312 2293 vel
1333 2255 1401 2305 qui
1422 2255 1529 2305 prior

184 2318 378 2368 Diagoras
401 2319 560 2367 Melius,
578 2319 641 2356 cui
664 2321 825 2358 Atheon
846 2333 1072 2369 cognomen
1094 2319 1283 2370 adposuit
1296 2320 1526 2370 antiquitas,
