1619 2596
546 74 825 106 CHAPITRES
851 74 1073 105 XX-xxll.
1419 73 1477 116 23

141 201 295 226 namus.
308 188 366 237 (8)
377 189 475 236 Ejus
491 187 593 225 filius
609 187 794 238 Juppiter
810 188 962 234 Cretae,
982 187 1145 226 excluso
1160 194 1334 236 parente,
1354 199 1487 236 regna-

143 254 210 300 vit,
233 253 310 291 illic
332 253 441 299 obiit,
466 253 543 290 illic
565 253 666 290 filios
688 252 825 290 habuit
846 268 852 289 :
880 253 1014 289 adhuc
1040 261 1198 290 antrum
1217 251 1327 301 Jovis
1349 250 1486 289 visitur

142 326 181 357 et
201 320 427 368 sepulcrum
449 320 534 368 ejus
555 317 790 362 ostenditur,
809 325 847 354 et
865 317 958 366 ipsis
979 316 1100 355 sacris
1123 316 1201 354 suis
1223 315 1486 354 humanitatis

144 382 329 432 arguitur.

197 446 256 498 (9)
278 447 465 486 Otiosum
493 454 552 485 est
573 446 626 484 ire
646 459 715 496 per
736 446 912 495 singulos
942 454 979 484 et
1002 454 1124 484 totam
1160 445 1301 484 seriem
1333 444 1488 495 generis

142 512 254 551 istius
276 512 483 562 explicare,
507 525 598 549 cum
622 512 660 549 in
678 511 812 560 primis
835 511 1063 561 parentibus
1085 511 1251 561 probata
1272 510 1488 551 mortalitas

141 578 181 616 in
203 577 356 616 ceteros
378 577 466 627 ipso
487 576 627 615 ordine
648 576 914 614 successionis
936 575 1145 614 influxerit.
1171 575 1257 613 Nisi
1280 577 1378 613 forte
1399 582 1489 625 post

144 650 313 681 mortem
334 643 432 681 deos
464 641 621 692 fingitis,
646 650 684 679 et
706 642 928 691 perjerante
951 642 1122 678 Proculo
1143 642 1243 679 deus
1275 641 1485 685 Romulus,

143 716 183 747 et
198 708 305 757 Juba
328 707 479 745 Mauris
501 707 730 745 volentibus
751 708 850 744 deus
871 714 941 750 est,
965 714 1003 744 et
1024 705 1103 744 divi
1126 706 1245 744 ceteri
1268 718 1390 755 reges,
1421 707 1488 754 qui

144 780 430 812 consecrantur
449 786 532 810 non
554 773 606 810 ad
633 773 753 810 fidem
777 771 964 817 numinis,
988 772 1056 810 sed
1071 772 1121 809 ad
1142 772 1334 809 honorem
1353 770 1489 809 emeri-

145 848 208 877 tae
230 839 448 889 potestatis.
474 838 560 887 (10)
586 837 727 875 Invitis
759 837 819 874 his
839 837 1014 886 denique
1049 837 1124 874 hoc
1160 850 1308 875 nomen
1344 836 1489 874 adscri-

145 903 273 942 bitur:
304 910 445 953 optant
466 903 504 940 in
527 903 691 941 homine
712 915 975 952 perseverare,
1000 902 1081 940 fieri
1105 915 1145 940 se
1167 903 1266 939 deos
1289 909 1486 946 metuunt,

146 969 220 1007 etsi
241 970 321 1018 jam
344 981 460 1007 senes
482 969 637 1005 nolunt.

202 1033 239 1083 (Ι
254 1033 288 1081 1)
308 1035 412 1082 Ergo
433 1047 507 1071 nec
538 1034 588 1071 de
624 1032 787 1070 mortuis
809 1031 875 1077 dii,
900 1030 1089 1080 quoniam
1128 1033 1237 1069 Deus
1273 1031 1371 1069 mori
1408 1045 1488 1070 non

146 1107 291 1148 potest,
315 1111 390 1136 nec
407 1099 457 1137 de
479 1098 592 1144 natis,
611 1097 805 1147 quoniam
828 1096 989 1134 moritur
1012 1110 1130 1134 omne
1152 1098 1261 1147 quod
1287 1096 1463 1134 nascitur
1482 1114 1489 1135 :

145 1163 327 1202 divinum
349 1170 482 1202 autem
504 1162 545 1201 id
566 1170 637 1209 est,
661 1164 770 1212 quod
792 1176 867 1201 nec
888 1171 1019 1201 ortum
1042 1163 1161 1201 habet
1183 1175 1259 1199 nec
1284 1174 1486 1200 occasum.

147 1229 229 1268 Cur
249 1229 368 1275 enim,
392 1228 424 1266 si
452 1229 532 1266 nati
554 1236 657 1275 sunt,
688 1242 769 1267 non
790 1229 993 1278 hodieque
1015 1228 1260 1266 nascuntur?
1282 1227 1369 1264 Nisi
1393 1227 1492 1264 forte

141 1297 223 1345 jam
246 1293 429 1344 Juppiter
456 1293 586 1331 senuit
607 1301 644 1331 et
666 1302 799 1344 partus
822 1294 861 1331 in
882 1296 1042 1343 Junone
1072 1292 1219 1331 defecit
1241 1300 1278 1329 et
1308 1292 1492 1328 Minerva

144 1359 281 1398 canuit
317 1366 533 1409 antequam
561 1359 726 1409 peperit.
754 1361 818 1396 An
852 1359 944 1397 ideo
966 1359 1135 1397 cessavit
1168 1358 1240 1395 ista
1273 1355 1489 1407 generatio,

144 1424 336 1474 quoniam
357 1426 467 1462 nulla
487 1424 719 1473 hujusmodi
742 1424 886 1462 fabulis
907 1424 1119 1474 praebetur
1140 1423 1327 1461 adsensio
1347 1424 1361 1458 ἓ

196 1490 284 1539 (12)
303 1491 493 1528 Ceterum
515 1489 547 1527 si
568 1489 623 1527 dii
654 1502 786 1527 creare
808 1496 976 1539 possent,
999 1488 1156 1526 interire
1193 1501 1272 1525 non
1310 1492 1486 1537 possent,

142 1556 274 1605 plures
313 1554 405 1592 totis
445 1554 678 1593 hominibus
711 1555 809 1592 deos
835 1555 1086 1600 haberemus,
1124 1561 1165 1590 ut
1193 1554 1275 1602 jam
1305 1565 1373 1590 eos
1414 1563 1487 1588 nec

141 1622 295 1658 caelum
317 1620 542 1658 contineret
563 1633 637 1658 nec
658 1622 724 1657 aer
744 1626 903 1669 caperet
925 1632 998 1657 nec
1020 1627 1121 1656 terra
1151 1624 1334 1668 gestaret.
1366 1616 1487 1655 Unde

144 1686 399 1724 manifestum
429 1693 487 1724 est
509 1685 692 1723 homines
712 1685 801 1722 illos
831 1684 960 1731 fuisse,
984 1697 1084 1734 quos
1105 1691 1143 1722 et
1176 1691 1289 1721 natos
1318 1682 1487 1732 legimus

144 1758 183 1789 et
204 1758 382 1788 mortuos
403 1750 563 1788 scimus.

198 1816 335 1852 XXII.
370 1814 469 1863 Quis
504 1827 597 1864 ergo
633 1814 791 1853 dubitat
827 1816 967 1852 horum
1009 1814 1202 1863 imagines
1238 1819 1488 1850 consecratas

144 1881 281 1929 vulgus
302 1892 413 1917 orare
434 1886 473 1917 et
494 1878 654 1927 publice
686 1881 827 1926 colere,
850 1881 945 1918 dum
978 1880 1115 1930 opinio
1137 1887 1174 1917 et
1198 1891 1309 1917 mens
1336 1875 1491 1926 imperi-

143 1953 272 1983 torum
290 1944 382 1982 artis
398 1944 670 1983 concinnitate
683 1945 893 1994 decipitur,
907 1945 989 1983 auri
1012 1946 1163 1994 fulgore
1177 1942 1488 1994 praestringitur,

144 2010 294 2061 argenti
324 2009 454 2048 nitore
483 2018 523 2048 et
545 2010 720 2049 candore
741 2011 874 2049 eboris
904 2011 1149 2048 hebetatur?
1172 2010 1230 2058 (2)
1268 2007 1424 2057 Quodsi
1450 2007 1489 2044 in

143 2076 325 2114 animum
346 2074 434 2124 quis
455 2075 632 2122 inducat,
654 2075 864 2114 tormentis
896 2076 1042 2125 quibus
1064 2084 1102 2113 et
1123 2075 1271 2124 quibus
1294 2073 1490 2111 machinis

146 2142 400 2180 simulacrum
422 2153 542 2178 omne
561 2141 763 2187 formetur,
795 2141 1003 2180 erubescet
1035 2141 1174 2179 timere
1208 2153 1248 2178 se
1286 2138 1489 2177 materiem

145 2207 197 2244 ab
217 2205 379 2251 artifice,
402 2211 445 2242 ut
465 2205 584 2243 deum
604 2207 762 2252 faceret,
786 2205 967 2243 inlusam.
991 2204 1051 2254 (3)
1070 2207 1178 2243 Deus
1194 2203 1300 2242 enim
1324 2203 1489 2252 ligneus,

146 2271 227 2321 rogi
248 2272 415 2308 fortasse
445 2270 504 2307 vel
532 2269 704 2309 infelicis
734 2270 877 2320 stipitis
908 2270 1050 2321 portio,
1073 2269 1341 2320 suspenditur,
1364 2266 1492 2305 caedi-

147 2344 219 2384 tur,
242 2336 410 2381 dolatur,
433 2334 672 2374 runcinatur.
699 2336 757 2386 (4)
782 2337 831 2373 Et
853 2337 952 2374 deus
972 2348 1109 2373 aereus
1129 2336 1191 2373 vel
1211 2341 1419 2384 argenteus
1441 2333 1492 2370 de
