1619 2596
586 65 868 97 CHAPITRES
908 67 1053 97 X·XlI.
1441 67 1455 96 1
1476 67 1490 96 1

132 187 238 212 *nam
269 174 565 224 sempiternam.
606 176 738 212 Multa
774 176 825 212 ad
859 176 958 213 haec
993 176 1225 225 subpetunt‚
1267 175 1306 213 ni
1339 175 1499 214 festinet

142 239 282 278 oratio.
315 241 493 289 Injustos
523 240 631 290 ipsos
654 240 777 289 magis
807 254 881 279 nec
911 241 1061 287 laboro,
1090 242 1171 289 jam
1193 240 1340 280 docui:
1362 254 1500 290 quam-

127 318 276 354 -quam,
293 305 367 344 etsi
385 307 514 355 justos
534 306 683 352 darem,
702 307 863 355 culpam
881 314 1016 345 tamen
1034 308 1093 345 vel
1112 305 1388 345 innocentiam
1410 306 1504 344 novi

145 371 226 408 fato
245 370 366 408 tribui
387 369 595 427 sententiis
616 370 889 420 plurimorum.
910 371 969 421 (6)
994 373 1044 409 Et
1064 373 1163 409 haec
1184 379 1312 410 vestra
1333 383 1500 409 consen-

144 435 204 473 sio
242 442 329 473 est:
369 448 463 473 nam
494 434 687 485 quicquid
721 435 888 485 agimus,
921 444 963 474 ut
995 436 1061 474 alii
1093 437 1186 482 fato,
1221 436 1275 474 ita
1309 449 1379 474 vos
1420 437 1499 474 deo

145 500 305 547 dicitis;
335 500 394 539 sic
414 507 546 538 sectae
566 508 718 539 vestrae
747 514 830 538 non
861 509 1107 551 spontaneos
1129 515 1286 551 cupere,
1309 502 1379 540 sed
1400 502 1499 539 elec-

145 572 219 603 tos
239 564 388 614 Igitur
379 577 563 615 iniquum
583 564 761 613 judicem
778 565 937 615 fingitis,
954 565 1022 616 qui
1039 574 1186 604 sortem
1209 565 1248 603 in
1265 565 1499 603 hominibus

147 629 299 679 puniat,
324 642 406 668 non
428 631 688 668 voluntatem

202 694 261 744 (7)
283 696 436 734 Vellem
465 702 600 733 tamen
627 695 833 739 sciscitari,
864 704 1053 734 utrumne
1073 709 1165 734 cum
1187 695 1424 745 corporibus
1446 709 1500 733 an

146 760 285 808 absque
302 761 530 809 corporibus,
554 767 592 798 et
613 760 852 810 corporibus
873 760 1033 811 quibus,
1056 760 1207 810 ipsisne
1227 773 1278 798 an
1299 759 1500 797 innovatis

147 831 382 875 resurgatur.
420 824 514 863 Sine
549 827 747 875 corpore?
777 826 866 869 hoc,
898 826 1010 875 quod
1041 825 1178 870 sciam,
1210 837 1344 874 neque
1386 838 1500 863 niens

148 903 280 939 neque
314 890 449 928 anima
487 902 562 927 nec
601 890 681 928 vita
715 899 788 928 est.
822 892 917 940 Ipso
947 892 1144 940 corpore?
1183 891 1256 928 sed
1284 891 1366 939 jam
1406 898 1501 927 ante

147 954 349 1005 dilapsum
369 963 438 994 est.
463 954 555 993 Alio
576 958 769 1005 corpore?
798 969 890 1005 ergo
912 957 1036 994 homo
1057 968 1184 994 novus
1207 955 1394 1001 nascitur,
1417 967 1500 992 non

148 1020 254 1070 prior
274 1020 340 1059 ille
360 1027 570 1071 reparatur.
596 1020 654 1069 (8)
688 1022 738 1058 Et
768 1028 903 1059 tamen
940 1028 1051 1058 tanta
1078 1028 1188 1059 aetas
1209 1020 1319 1066 abiit,
1344 1021 1502 1058 saecula

149 1087 359 1125 innumera
385 1088 609 1124 fluxerunt:
646 1087 735 1135 quis
766 1099 869 1124 unus
899 1087 1014 1124 ullus‘
1033 1087 1084 1124 ab
1114 1086 1250 1123 inferis
1280 1088 1340 1124 vel
1367 1088 1503 1124 Prote-

146 1152 232 1191 silai
253 1160 359 1191 sorte
379 1152 583 1199 remeavst,
600 1153 784 1190 horarum
808 1153 948 1190 saltem
967 1151 1161 1202 permisso
1178 1158 1420 1198 commeatu,
1438 1153 1501 1190 vel

146 1226 190 1256 ut
204 1219 391 1268 exemplo
407 1218 692 1256 crederemus?
714 1218 773 1265 (9)
793 1217 942 1256 Omnia
959 1217 1033 1255 ista
1053 1218 1244 1267 figmenta
1261 1218 1364 1255 male
1378 1230 1499 1255 sanae

147 1282 349 1333 opinionis
370 1290 408 1320 et
430 1282 566 1332 inepta
589 1282 740 1320 solacia
761 1295 782 1319 a
804 1282 933 1332 poetis
960 1282 1169 1320 fallacibus
1185 1281 1225 1319 in
1244 1282 1499 1320 dulcedinem

130 1347 333 1386 -carminis
360 1348 446 1385 lusa
471 1361 495 1385 a
526 1347 639 1385 vobis
675 1348 864 1385 nimirum
895 1347 1067 1385 credulis
1103 1347 1142 1384 in
1175 1348 1297 1385 deum
1325 1356 1499 1386 vestrum

147 1412 317 1462 turpiter
336 1414 550 1451 reformata
570 1420 675 1450 sunt.

201 1478 298 1516 XII.
331 1478 419 1516 Nec
441 1479 579 1516 saltem
611 1479 662 1516 de
690 1478 968 1527 praesentibus
999 1477 1138 1528 capitis
1167 1477 1497 1528 experimentum,

132 1556 268 1593 -quam
289 1556 359 1582 vos
379 1542 520 1581 inritae
550 1543 853 1593 pollicitationis
883 1556 996 1581 cassa
1025 1550 1118 1582 vota
1147 1543 1376 1594 decipiant:
1399 1544 1499 1594 quid

148 1615 237 1658 post
269 1615 441 1646 mortem
470 1607 702 1658 impendeat,
736 1607 880 1654 miseri,
915 1609 1014 1646 dum
1043 1609 1177 1647 adhuc
1210 1607 1352 1655 vivitis,
1388 1609 1501 1647 aesti-

148 1681 265 1712 mate.
288 1672 348 1723 (2)
380 1673 486 1711 Ecce
516 1686 606 1723 pars
636 1682 823 1720 vestrum,
856 1680 894 1711 et
925 1675 1064 1724 maJ'or,
1096 1673 1248 1719 melior,
1279 1681 1323 1712 ut
1352 1674 1498 1720 dicitis,

148 1737 271 1789 egetis
291 1737 440 1788 algetis,
462 1751 585 1788 opere
607 1739 711 1777 fame
732 1738 932 1786 laboratis,
955 1747 995 1777 et
1017 1740 1130 1777 Deus
1151 1739 1298 1790 patitur
1318 1740 1501 1778 dissimu-

148 1806 213 1851 lat,
237 1817 320 1842 non
341 1805 424 1842 vult
443 1811 511 1842 aut
532 1817 616 1843 non
635 1812 769 1855 potest
796 1805 983 1855 opitulari
1004 1805 1085 1843 suis
1105 1820 1112 1842 :
1133 1805 1187 1844 ita
1206 1814 1273 1843 aut
1304 1806 1500 1845 invalidus

149 1876 218 1908 aut
254 1868 417 1919 iniquus
451 1871 536 1908 est!
577 1869 637 1919 (3)
682 1871 757 1916 Tu,
794 1870 861 1919 qui
908 1869 1235 1909 inmortalitatem
1270 1878 1501 1921 postumam

150 1934 339 1981 somnias,
361 1947 454 1972 cum
485 1934 666 1984 periculo
698 1936 888 1985 quateris,
920 1949 1012 1974 cum
1042 1936 1222 1974 febribus
1251 1937 1389 1987 ureris,
1409 1950 1501 1975 cum

149 2000 290 2037 dolore
300 1999 495 2045 laceraris,
519 2001 702 2039 nondum
719 2000 1002 2039 condicionem
1019 2008 1129 2039 tuam
1145 2001 1297 2039 sentis?
1318 2003 1501 2040 nondum

135 2064 364 2114 adgnoscis
378 2064 629 2115 fragilitatem
645 2067 661 2103 ?
682 2065 827 2103 invitus
847 2066 963 2104 miser
979 2065 1221 2105 infirmitatis
1236 2068 1410 2117 argueris
1427 2080 1503 2106 nec

150 2128 312 2167 fateris!

205 2193 265 2244 (4)
287 2195 367 2233 Sed
395 2194 538 2234 omitto
568 2197 811 2235 communia.
846 2198 952 2235 Ecce
974 2197 1087 2236 vobis
1124 2198 1267 2245 minae,
1291 2199 1500 2250 supplicia,

149 2266 362 2306 tormenta,
381 2266 419 2298 et
432 2260 514 2308 jam
536 2273 618 2298 non
639 2261 868 2300 adorandae
885 2262 956 2300 sed
971 2261 1207 2301 subeundae
1221 2275 1370 2310 cruces,
1389 2263 1501 2313 ignes

143 2323 272 2361 etiarn
306 2336 407 2374 quos
440 2333 477 2363 et
513 2325 744 2375 praedicitis
785 2333 823 2364 et
855 2326 1031 2365 timetis:
1074 2327 1141 2365 ubi
1174 2327 1274 2367 deus
1312 2328 1390 2375 ille,
1432 2329 1500 2379 qui
