1619 2596
492 74 771 105 CHAPITRES
810 74 1077 105 xxv-XXVI.
1403 74 1462 117 29

176 184 234 232 (5)
257 183 371 230 Quae
411 195 504 220 vero
533 190 571 219 et
605 190 757 230 quanta
796 182 846 219 de
885 182 1056 220 oraculis
1091 184 1336 232 prosequar?
1371 184 1465 220 Post

118 255 288 285 mortem
306 246 573 296 Amphiaraus
605 255 771 284 ventura
792 247 1011 297 respondit,
1044 248 1111 296 qui
1133 247 1335 297 proditum
1356 247 1401 284 iri
1423 260 1465 285 se

117 313 172 351 ob
192 312 343 350 monile
362 312 413 350 ab
434 324 556 350 uxore
577 311 755 349 nescivit.
780 312 955 350 Tiresias
977 325 1119 350 caecus
1140 314 1269 350 futura
1290 313 1463 359 videbat,

121 377 190 427 qui
209 377 435 427 praesentia
455 390 535 414 non
557 376 729 414 videbat.
747 376 805 424 (o)
833 378 891 415 DQ
913 379 1062 425 Pyrrho
1090 377 1244 415 Ennius
1267 377 1466 427 Apollinis

123 442 238 492 Pythi
270 455 460 492 responsa
489 440 693 488 confinxit,
731 454 821 479 cum
857 444 938 491 jam
975 444 1122 492 Apollo
1157 456 1292 480 versus
1334 444 1466 480 facere

119 508 289 547 desisset
308 524 315 546 :
356 509 471 557 cujus
510 514 606 545 tunc
645 515 804 545 cautum
829 507 925 545 illud
966 513 1009 545 et'
1046 507 1279 556 ambiguum
1320 508 1467 546 defecit

119 575 337 620 oraculum,
362 586 455 611 cum
477 580 516 610 et
538 572 740 622 politiores
764 572 947 610 homines
983 581 1020 611 et
1042 574 1174 611 minus
1195 574 1344 612 creduli
1378 585 1468 611 esse

118 646 352 689 coeperunt.
379 639 429 675 Et
448 639 758 684 Demosthenes,
783 639 891 687 quod
922 639 1038 676 sciret
1059 651 1248 688 responsa
1269 639 1466 685 simulata,

124 708 336 756 φιλιππίζειν
359 702 542 752 Pythiam
563 703 815 752 querebatur.

176 768 235 818 (7)
258 771 311 806 At
345 780 653 817 nonnumquam
689 776 823 806 tamen
854 769 1058 806 veritatem
1099 771 1160 807 vel
1195 769 1374 819 auspicia
1405 770 1466 806 vel

120 836 283 874 oracula
303 834 529 884 tetigerunt.
554 834 813 883 Quamquam
844 834 944 872 inter
966 836 1090 872 multa
1113 836 1322 873 mendacia
1343 835 1468 874 videri

122 900 247 950 possit
280 898 516 937 industriam
539 911 655 936 casus
676 898 863 945 imitatus,
900 900 1108 950 adgrediar
1142 907 1277 938 tamen
1313 901 1466 938 fontem

123 966 255 1015 ipsum
280 964 420 1003 erroris
441 972 479 1002 et
496 963 711 1014 pravitatis,
748 965 855 1001 unde
877 965 1006 1002 omnis
1028 965 1157 1015 caligo
1183 965 1257 1003 ista
1279 965 1465 1012 manavit,

124 1037 163 1068 et
183 1030 300 1068 altius
317 1041 454 1067 eruere
475 1036 514 1066 et
534 1028 687 1077 aperire
711 1028 969 1066 manifestius

178 1097 236 1143 (8)
268 1093 439 1144 Spiritus
459 1103 551 1131 sunt
568 1093 767 1140 insinceri,
791 1094 889 1143 vagi,
921 1108 943 1131 a
964 1094 1125 1132 caelesti
1150 1095 1281 1144 vigore
1303 1095 1468 1133 terrenis

125 1154 281 1197 labibus
302 1166 340 1196 et
361 1157 649 1208 cupiditatibus
672 1158 882 1207 degravati.
909 1159 980 1196 Isti
997 1159 1114 1209 igitur
1130 1160 1300 1209 spiritus,
1316 1168 1469 1209 postea-

126 1238 246 1274 quam
286 1224 584 1274 simplicitatem
621 1224 869 1263 substantiae
910 1238 1004 1263 suae
1052 1226 1186 1264 onusti
1226 1234 1264 1264 et
1303 1226 1469 1265 inmersi

123 1289 228 1328 vitiis
248 1289 520 1340 perdiderunt,
543 1290 593 1328 ad
609 1290 803 1328 solacium
820 1290 1055 1329 calamitatis
1070 1304 1165 1329 suae
1182 1304 1262 1329 non
1279 1293 1469 1330 desinunt

123 1355 267 1406 perditi
280 1355 362 1404 jam
384 1355 550 1404 perdere
571 1362 609 1393 et
627 1355 830 1405 depravati
853 1369 1024 1394 errorem
1042 1356 1242 1406 pravitatis
1256 1357 1466 1396 infundere

122 1429 161 1460 et
181 1419 342 1459 alienati
371 1433 394 1458 a
425 1421 517 1458 Deo
537 1419 713 1458 inductis
745 1421 873 1470 pravis
895 1421 1151 1471 religionibus
1182 1435 1203 1459 a
1236 1423 1323 1460 Deo
1344 1436 1470 1472 segre-

123 1499 225 1536 gare.
249 1486 309 1535 (9)
336 1486 417 1524 Eos
439 1485 598 1535 spiritus
619 1487 837 1525 daemonas
859 1500 947 1525 esse
967 1493 1109 1536 poetae
1131 1487 1272 1532 sciunt,
1295 1488 1470 1537 philoso-

122 1551 191 1601 phi
225 1551 435 1596 disserunt,
472 1552 654 1589 Socrates
688 1552 806 1598 novit,
843 1552 911 1601 qui
942 1553 993 1590 ad
1026 1560 1167 1590 nutum
1197 1561 1236 1590 et
1261 1553 1468 1591 arbitrium

121 1615 346 1655 adsidentis
367 1615 443 1654 sibi
463 1617 673 1654 daemonis
695 1619 755 1655 vel
776 1617 1004 1655 declinabat
1025 1618 1185 1667 negotia
1205 1619 1265 1656 vel
1292 1618 1468 1668 petebat.

124 1679 211 1732 (ιο)
229 1680 339 1730 Magi
359 1693 521 1730 quoque
541 1694 624 1719 non
645 1689 799 1719 tantum
821 1683 952 1719 sciunt
982 1683 1211 1729 daemonas,
1244 1683 1315 1721 sed
1350 1683 1469 1721 etiam

123 1744 318 1795 quicquid
335 1745 513 1784 miraculi
534 1747 690 1793 ludunt,
715 1760 783 1796 per
798 1748 1019 1785 daemonas
1036 1747 1186 1785 faciunt
1206 1763 1212 1785 z
1246 1748 1320 1786 illis
1341 1750 1471 1799 adspi-

124 1809 302 1848 rantibus
328 1816 367 1848 et
394 1810 699 1850 infundentibus
728 1812 955 1861 praestigias
991 1813 1125 1859 edunt,
1163 1814 1223 1849 vel
1253 1826 1356 1862 quae
1389 1827 1471 1852 non

125 1882 216 1914 sunt
235 1875 373 1922 videri,
391 1877 454 1913 vel
474 1889 576 1925 quae
597 1884 689 1914 sunt
710 1890 791 1914 non
812 1877 946 1914 videri.
971 1876 1006 1926 (1
1021 1877 1056 1923 1)
1080 1878 1229 1915 Eorum
1261 1892 1467 1926 magorum

125 1948 164 1980 et
198 1940 360 1990 eloquio
395 1948 433 1978 et
472 1942 633 1991 negotio
665 1942 814 1991 primus
853 1944 1053 1980 Hostanes
1089 1951 1125 1980 et
1162 1957 1296 1981 verum
1335 1946 1466 1982 Deum

124 2006 265 2045 merita
286 2006 492 2055 majestate
514 2008 770 2056 prosequitur
800 2016 837 2046 et
868 2010 1040 2058 angelos,
1065 2008 1106 2046 id
1127 2017 1185 2047 est
1208 2008 1407 2048 ministros
1429 2018 1467 2048 et

124 2072 299 2116 nuntios,
323 2071 401 2109 Dei
417 2072 552 2111 sedem
573 2072 672 2111 tueri
695 2074 861 2122 ejusque
877 2073 1120 2112 venerationi
1138 2074 1246 2112 novit
1262 2075 1466 2122 adsistere,

125 2144 168 2175 ut
187 2144 226 2174 et
243 2144 342 2174 nutu
359 2137 447 2187 ipso
467 2145 506 2176 et
527 2140 635 2176 vultu
658 2139 811 2176 domini
841 2139 962 2177 territi
984 2147 1315 2179 contremescant.
1350 2142 1468 2180 Idem

124 2203 244 2242 etiam
265 2202 484 2241 daemonas
504 2203 679 2254 prodidit
700 2211 886 2251 terrenos,
907 2217 1038 2254 vagos,
1061 2205 1321 2243 humanitatis
1343 2205 1471 2244 inimi—

125 2281 209 2307 cos.
233 2267 319 2318 (12)
342 2268 453 2316 Quid
474 2270 599 2317 Plato,
622 2269 690 2319 qui
712 2269 887 2307 invenire
910 2271 1041 2307 Deum
1059 2270 1264 2320 negotium
1286 2270 1467 2318 credidit,

127 2345 262 2371 nonne
302 2340 341 2371 et
378 2335 540 2389 angelos
579 2334 663 2373 sine
704 2334 864 2383 negotio
904 2342 1033 2373 narrat
1078 2343 1117 2373 et
1151 2336 1396 2374 daemonas?
1431 2344 1469 2374 et
