1619 2596
173 61 259 92 112
635 60 1029 92 COMMENTAIRE.

164 175 222 206 des
239 173 344 205 forces
360 173 401 204 de
419 173 450 204 la
466 180 592 205 nature.
615 173 698 210 Cic.‚
719 174 769 205 De
787 179 854 204 nal.
875 174 921 210 d.‚
953 182 978 210 1,
1001 181 1042 204 20
1059 186 1064 204 :
1083 174 1322 215 physzologiam
1341 175 1435 206 idest
1450 185 1509 205 na-

163 228 258 254 turae
279 223 452 253 rationem.
473 240 513 244 —
533 221 575 254 In
598 220 817 254 carminibus
835 230 851 254 ‹
869 222 1074 264 explication
1092 223 1252 262 (donnee)
1269 224 1287 254 a
1305 233 1428 265 propos
1451 223 1510 255 des

165 270 294 314 poesies
312 279 350 308 »ς
367 281 440 312 voy.
463 279 494 309 2,
514 278 544 312 5.

209 373 258 407 12.
284 372 439 410 Εἱεὲῐοη,
472 375 489 411 ξ
520 382 558 413 41
579 385 586 404 ε
618 374 803 414 Diogem'us
827 374 1073 414 Babylonius...
1094 380 1234 414 partum
1257 375 1357 416 Jovis
1386 380 1510 406 ortum-

165 434 225 463 que
242 424 389 463 vinginis
405 423 451 453 ad
456 423 696 463 physzologiam
714 423 887 453 traducens
906 423 1055 463 dzjungil
1071 434 1091 453 a
1095 423 1230 464 sabula.
1252 442 1293 446 —
1312 421 1513 465 Disciplina

166 474 223 504 est
240 470 449 513 exponendi
466 473 503 504 et
519 469 721 504 disserendi
744 479 761 503 «
776 470 930 513 Diogene
946 483 965 502 a
977 472 1065 503 aussi
1082 482 1164 513 pour
1181 472 1324 514 systeme
1339 472 1513 514 d'exposer

165 528 197 552 et
215 520 422 562 d'expliquer
440 528 469 552 ›>.
487 538 528 542 —
543 518 647 562 Jovis
663 521 818 561 partum,
839 520 992 552 Minerve
1008 521 1105 552 sortit
1123 527 1194 552 tout
1210 520 1320 552 arme‘e
1336 520 1378 553 de
1394 522 1426 552 la
1447 520 1513 553 tete

165 569 207 601 de
221 569 364 611 Jupiter.
386 588 427 592 —
446 567 528 601 Hoc
545 577 664 610 genus
680 571 803 601 cetera
821 582 850 596 =
868 574 970 600 cetera
987 570 1089 610 hujus
1099 571 1241 608 generis,
1261 580 1329 601 acc.
1356 568 1512 601 determi-

166 619 255 650 natis
279 629 321 650 ou
352 618 533 650 adverbial.
570 618 659 650 C'est
692 629 756 650 une
787 618 933 650 locution
964 619 1141 660 archaique
1173 626 1203 650 et
1244 619 1510 660 post-classique.

168 669 278 706 Lucr.‚
297 668 330 705 6,
348 675 410 707 917
426 680 433 698 ι
451 668 507 698 hoc
517 678 622 707 genus
638 668 755 698 mulla.
777 667 883 705 Suet„
898 679 1057 707 gramm„
1078 677 1097 706 4
1113 680 1119 698 ;
1139 668 1310 707 hocgenus
1325 668 1404 699 alia.
1427 668 1512 706 Cic.‚

166 719 217 749 De
234 722 302 748 nal.
323 717 369 754 d.,
390 725 420 757 3,
440 725 493 755 24,
509 716 558 747 dit
575 729 581 747 :
600 721 702 747 celera
718 716 918 757 hujusmodi.
940 716 991 748 Cf.
1014 725 1045 754 2,
1063 724 1080 756 5
1097 729 1103 747 ε
1123 717 1161 747 id
1172 718 1335 758 temporis.

207 813 257 848 13.
285 813 383 845 Nam
400 819 449 845 est
466 823 531 845 une
548 813 689 845 formule
704 813 747 845 de
763 812 940 844 transition
959 811 1133 854 frequente
1149 813 1232 844 dans
1248 812 1390 845 Ciceron
1408 815 1438 852 (ξ
1452 820 1491 852 27
1507 825 1514 844 :

166 863 257 894 Nam
271 863 476 903 Pythagoras
486 873 501 900 ,·
518 862 580 894 28:
598 862 690 893 Nam
707 863 944 900 Parmenz'des‚·
959 861 1020 902 63:
1038 862 1130 893 Nam
1148 863 1327 900 Abberites,
1346 864 1438 901 etc.).
1459 862 1511 894 Cf.

165 912 263 954 chap.
284 919 338 951 29,
358 920 395 950 2;
423 918 460 951 73
489 920 542 950 21,
562 921 582 950 4
599 910 743 952 (enim).
765 910 821 943 On
842 910 1023 953 l'explique
1048 921 1106 952 par
1123 922 1187 943 une
1211 910 1286 943 ide¹e
1309 920 1516 943 sous-enten-

165 960 250 992 due:
270 960 404 999 (Citons
421 971 540 992 encore
557 958 775 1001 xenophon),
795 970 892 991 car...
912 978 954 983 -—
971 957 1185 992 Socraticus
1200 958 1415 1002 Xenophon,
1436 971 1518 1002 pour

165 1009 349 1051 distinguer
374 1020 411 1042 ce
433 1009 575 1050 disciple
599 1009 677 1040 bien
702 1019 811 1040 connu
838 1011 880 1041 de
908 1009 1046 1041 Socrate
1067 1009 1109 1040 de
1125 1008 1319 1051 Xe'nophon
1335 999 1515 1051 d’Ephese.

168 1059 197 1090 11
213 1059 358 1090 attribue
371 1069 426 1091 ces
442 1057 535 1090 idees
558 1057 577 1090 ὲ
603 1057 739 1090 Socrate
767 1058 850 1090 dans
875 1058 923 1090 les
947 1058 1143 1096 Memorab„
1163 1068 1195 1098 4,
1215 1066 1247 1099 3,
1270 1066 1328 1098 13:
1355 1055 1409 1090 ὅτι
1425 1054 1462 1090 δέ
1478 1069 1518 1101 γε

168 1106 281 1147 ἀληθῆ
300 1103 396 1151 λέγω
421 1105 479 1139 καὶ
497 1104 538 1139 σύ
564 1103 694 1151 γνώσῃ,
714 1102 754 1138 ἂν
773 1105 821 1162 μὴ
840 1102 1026 1147 ἀναμένῃς,
1049 1102 1116 1142 ἕως
1134 1102 1172 1138 ἂν
1195 1105 1258 1143 τὰς
1284 1105 1423 1151 μορφὰς
1447 1108 1518 1139 τῶν

168 1157 256 1188 θεῶν
278 1153 366 1202 ἰδῇς·
386 1153 597 1200 ἀλλ’ἐξαρκῇ
615 1166 680 1193 σοι,
700 1154 744 1187 τὰ
762 1150 847 1199 ἔργα
865 1152 980 1187 αὐτῶν
998 1153 1140 1199 ὁρῶντι,
1161 1152 1323 1199 σέβεσθαι
1340 1153 1399 1187 καὶ
1414 1153 1518 1197 τιμᾶν

167 1203 248 1241 τοὺς
267 1203 380 1242 (leode.
401 1204 555 1243 Cicerom
572 1206 589 1243 ξ
608 1213 661 1246 31,
676 1205 725 1236 dit
739 1216 746 1235 :
766 1206 861 1236 Facit
876 1205 1038 1236 Socratem
1056 1205 1277 1246 disputantem
1282 1205 1434 1246 sormam
1451 1205 1518 1236 Dez
1543 1224 1546 1230 ·

167 1256 288 1295 quaeri
303 1265 368 1285 non
384 1260 534 1296 oportere.

211 1301 373 1334 Ariston.
403 1303 539 1334 Ariston
555 1303 596 1334 de
613 1302 716 1335 Chios
732 1302 779 1334 fut
795 1301 888 1334 eleve
905 1302 946 1334 de
964 1301 1078 1334 Zenon
1096 1309 1128 1334 et
1142 1303 1172 1334 le
1187 1302 1386 1344 philosophe
1400 1303 1430 1334 le
1444 1302 1520 1344 plus

169 1350 298 1383 ce‘lebre
315 1352 515 1390 d’Athenes,
533 1362 614 1383 avec
630 1349 809 1389 Arce'silas,
828 1362 901 1383 vers
917 1352 948 1382 le
964 1351 1076 1382 milieu
1101 1352 1144 1382 du
1171 1353 1231 1383 111e
1247 1351 1357 1383 siecle.
1378 1350 1520 1383 Ciceron

168 1401 215 1431 dit
234 1401 274 1432 de
291 1401 335 1432 lui
354 1402 382 1439 (ξ
401 1402 478 1441 37):
496 1402 559 1442 qui
569 1411 671 1441 neque
682 1401 835 1442 formam
851 1401 905 1431 dei
925 1401 1073 1440 intellegi
1086 1406 1178 1441 posse
1210 1405 1344 1438 censeat,
1364 1411 1465 1441 neque
1483 1401 1520 1431 in

168 1450 236 1480 deis
261 1461 391 1480 sensum
416 1461 479 1480 esse
501 1450 599 1487 dicat,
619 1456 684 1481 etc.
706 1467 748 1473 —-
768 1447 1012 1490 Intellegendi
1035 1447 1290 1490 desperatione
1317 1456 1334 1481 (
1350 1459 1392 1480 en
1408 1447 1519 1480 deses-

170 1497 287 1540 perant
303 1499 345 1530 de
363 1500 394 1529 la
411 1499 632 1539 comprendre
649 1506 678 1531 ».
695 1498 783 1536 Cic.‚
797 1499 850 1529 De
853 1499 941 1540 fin.‚
954 1508 986 1537 4,
1003 1497 1044 1538 56
1058 1510 1065 1529 :
1084 1499 1247 1538 Dionysio
1263 1499 1350 1529 mori
1359 1499 1519 1539 optimum

169 1558 232 1579 esse
241 1553 376 1589 propter
391 1548 644 1589 desperationem
661 1548 851 1589 sapientiae.

216 1649 267 1685 14.
297 1648 453 1682 Platoni.
475 1650 537 1682 Sur
553 1659 590 1681 ee
606 1649 700 1688 datis,
720 1660 793 1691 voy.
818 1657 867 1688 10,
881 1646 1180 1691 4.—Apertior...
1202 1651 1239 1681 et
1255 1647 1363 1681 rebus
1377 1646 1468 1690 ipsis
1485 1651 1522 1681 et

172 1697 376 1731 nominibus
394 1706 412 1731 «
429 1699 504 1740 plus
519 1698 642 1731 clair...
661 1704 767 1740 quant
782 1709 823 1730 au
840 1698 921 1730 fond
937 1704 969 1730 et
985 1703 1090 1740 quant
1113 1709 1179 1729 aux
1203 1708 1298 1729 noms
1322 1697 1403 1740 qu’il
1429 1698 1522 1730 attri-

172 1748 238 1780 bue
254 1748 273 1779 22
290 1748 379 1780 Dieu
397 1755 414 1780 ὓ
433 1749 549 1789 (voyez
564 1748 640 1789 plus
656 1747 749 1786 loin).
770 1765 812 1771 —
830 1746 880 1780 Et
896 1756 999 1789 quae,
1020 1757 1116 1788 prop.
1138 1747 1288 1784 relative,
1307 1747 1384 1778 unie
1399 1745 1418 1778 ὲ
1430 1753 1521 1788 aper-

172 1799 262 1829 tior:
288 1808 324 1829 ce
352 1803 426 1829 sont
454 1797 541 1828 deux
568 1795 813 1829 determinatifs
840 1796 978 1828 d’oratio
997 1804 1014 1828 ‹
1031 1797 1174 1838 langage
1192 1804 1222 1831 »,
1241 1795 1324 1827 mais
1340 1795 1382 1827 de
1408 1801 1523 1827 nature

173 1846 357 1878 differente.
378 1864 420 1870 —-
436 1844 620 1879 caelestis
636 1853 654 1878 ((
672 1845 784 1877 divine
801 1853 831 1883 »,
851 1846 1020 1877 conforme
1041 1844 1060 1877 ὲ
1085 1846 1117 1876 la
1140 1844 1321 1877 revelation
1338 1844 1462 1876 divine.
1482 1863 1525 1867 —

176 1893 432 1928 persuasionis
448 1896 634 1936 (croyance,
655 1895 794 1937 opinion
811 1896 921 1936 tecue)
939 1893 1054 1926 civilis
1078 1903 1095 1926 <(
1116 1893 1267 1935 prejuges
1283 1894 1474 1935 populaires
1490 1902 1521 1927 ).

176 1964 216 1968 -—
233 1943 475 1978 Sordesceret
492 1951 509 1976 «
527 1943 595 1975 etre
619 1944 737 1975 souille
754 1952 771 1976 1>
789 1943 961 1981 inchoatis,
979 1944 1036 1985 qui
1064 1944 1191 1975 revient
1215 1953 1257 1974 au
1282 1943 1333 1975 ch.
1356 1950 1408 1984 37,
1431 1951 1470 1974 lo
1492 1947 1525 1974 et

172 2005 238 2036 que
264 1993 406 2026 Ciceron
433 2003 475 2024 ne
502 1995 637 2025 connait
660 2004 743 2035 pas;
768 1993 809 2025 cf.
832 2001 862 2034 5,
882 2003 912 2031 4.
934 2012 974 2015 —
999 1992 1127 2034 Itaque
1155 1992 1273 2024 «ainsi
1298 1992 1397 2027 donc,
1423 1998 1455 2023 et
1483 2002 1526 2024 en

174 2043 252 2076 effet
269 2051 298 2076 θ.
320 2061 362 2066 —-
380 2041 422 2074 In
439 2040 607 2081 Timaeo,
627 2042 782 2083 dialogue
799 2042 840 2074 de
857 2042 989 2079 Platon,
1016 2041 1058 2072 ou
1075 2040 1193 2073 Time'e
1210 2051 1333 2082 expose
1360 2051 1413 2072 ses
1435 2039 1526 2072 idees

174 2103 228 2124 sur
245 2091 396 2133 l'origine
413 2090 457 2121 du
474 2090 596 2122 monde
619 2096 651 2122 et
676 2101 730 2122 sur
759 2091 858 2128 Dieu,
879 2096 995 2122 auteur
1022 2101 1064 2121 ou
1092 2090 1272 2121 architecte
1297 2089 1338 2121 de
1355 2089 1522 2121 l'univers.

175 2139 319 2173 Ciceron
343 2139 456 2171 l'avait
479 2139 601 2170 traduit
618 2150 659 2171 en
681 2139 762 2171 latin
783 2146 816 2171 et
842 2150 927 2171 nous
953 2149 1055 2170 avons
1079 2136 1235 2170 conserve
1261 2148 1325 2169 une
1354 2138 1456 2179 partie
1484 2138 1527 2170 de

175 2196 262 2222 cette
287 2188 490 2221 traduction.
511 2207 552 2211 —
578 2188 665 2230 Ipso
690 2196 707 2220 «
725 2199 782 2230 par
808 2199 867 2220 son
896 2199 974 2220 nom
998 2188 1069 2219 seul
1089 2195 1127 2224 »3
1153 2187 1194 2219 cs.
1227 2196 1257 2224 2,
1291 2196 1314 2217 ι.
1336 2205 1377 2210 —
1395 2184 1527 2219 Mundi

175 2248 320 2281 parens.
350 2237 445 2269 Voici
471 2238 518 2269 les
547 2247 702 2279 passages
731 2237 772 2269 de
799 2238 932 2276 Platon,
957 2238 989 2267 T
985 2238 1058 2274 im„
1086 2248 1117 2278 p.
1151 2236 1192 2267 28
1218 2247 1255 2267 c:
1286 2234 1355 2268 Τὸν
1381 2233 1442 2276 μὲν
1467 2231 1527 2267 οὖν

176 2285 328 2328 ποιητὴν
344 2285 405 2319 καὶ
420 2282 557 2330 πατέρα
574 2285 678 2318 τοῦδε
694 2287 757 2318 τοῦ
774 2284 906 2322 παντὸς
925 2282 1034 2328 εὔρεῖν
1051 2296 1089 2318 τε
1108 2281 1209 2329 ἔργον
1232 2286 1394 2327 (defficz'le;
1409 2284 1448 2316 cf.
1471 2285 1523 2323 26,

181 2345 218 2367 12
233 2349 239 2367 ε
263 2337 326 2376 qui
348 2337 500 2367 invenire
515 2336 612 2366 deum
630 2336 794 2376 negotium
813 2336 964 2373 credidit)
983 2333 1040 2366 καὶ
1059 2329 1205 2378 εὔρόντα
1224 2333 1318 2373 (cum
1337 2333 1527 2369 inveneris)
