1619 2596
123 96 144 125 10

656 90 920 122 OCTAVIUS.

171 206 231 252 (3)
256 203 380 253 Igitur
400 209 491 252 post
513 214 635 239 unum
658 208 696 239 et
717 202 885 238 alterum
907 200 1026 246 diem,
1050 212 1141 237 cum
1169 200 1250 248 jam
1281 207 1319 237 et
1339 199 1457 237 avidi-

115 276 237 306 tatem
258 266 444 306 desiderii
465 267 653 316 frequens
673 265 926 304 adsiduitatis
947 276 1042 303 usus
1074 265 1276 314 implesset
1298 272 1336 301 et
1356 276 1459 313 quae

116 346 184 382 per
215 331 438 370 absentiam
479 338 657 368 mutuam
697 331 747 368 de
787 329 904 368 nobis
944 329 1236 374 nesciebamus,
1271 329 1461 366 relatione

115 398 267 435 alterna
283 395 627 446 comperissemus,
643 395 792 444 placuit
809 394 962 433 Ostiam
979 400 1123 444 petere,
1139 392 1459 431 amoenissimam

118 462 330 508 civitatem,
353 461 463 511 quod
493 468 597 499 esset
625 459 781 509 corpori
813 472 904 497 meo
937 458 1137 497 siccandis
1171 457 1378 495 umoribus
1411 459 1461 495 de

120 527 280 565 marinis
318 526 480 564 lavacris
521 526 670 564 blanda
705 534 742 563 et
776 525 960 575 adposita
994 524 1171 562 curatio:
1210 536 1305 561 sane
1339 530 1378 561 et
1411 524 1461 560 ad

118 592 363 630 vindemiam
399 592 516 629 seriae
545 590 796 640 judiciariam
827 602 960 628 curam
993 591 1272 627 relaxaverant.
1298 589 1403 626 Nam
1423 589 1461 625 id

118 658 308 708 temporis
324 664 414 706 post
430 656 622 694 aestivam
639 655 746 694 diem
759 655 798 693 in
821 654 1055 705 temperiem
1077 661 1201 693 semet
1221 653 1465 691 autumnitas

120 722 326 772 dirigebat.

175 789 236 838 (4)
275 789 413 836 Itaque
447 799 539 824 cum
579 787 757 824 diluculo
797 787 846 824 ad
888 798 995 823 mare
1034 784 1324 822 inambulando
1363 783 1472 821 litori

121 866 388 903 pergeremus,
411 860 452 890 ut
487 859 525 890 et
545 864 640 889 aura
660 851 866 901 adspirans
897 850 1038 889 leniter
1069 850 1247 887 membra
1268 857 1468 899 vegetaret

123 927 160 957 et
181 931 271 956 cum
296 917 438 955 eximia
458 917 662 966 voluptate
699 915 808 953 molli
830 915 998 965 vestigio
1028 916 1178 953 cedens
1210 915 1357 952 harena
1381 913 1470 951 sub-

123 983 278 1028 sideret,
304 981 502 1020 Caecilius
535 981 749 1018 simulacro
784 979 985 1030 Serapidis
1020 980 1229 1026 denotato,
1253 987 1294 1017 ut
1331 979 1471 1028 vulgus

125 1047 422 1098 superstitiosus
455 1047 565 1092 solet,
604 1059 767 1083 manum
798 1045 852 1082 ori
888 1045 1107 1083 admovens
1141 1045 1321 1083 osculum
1358 1043 1473 1082 labiis

126 1114 276 1163 pressit.

181 1179 259 1215 ΙΙΙ.
283 1179 400 1214 Tunc
422 1175 613 1215 Octavius
634 1175 686 1213 ait
704 1191 710 1213 t
737 1191 755 1213 «ς
771 1176 863 1213 Non
888 1175 983 1213 boni
1005 1174 1074 1212 viri
1090 1183 1160 1222 est,
1184 1176 1322 1213 Marce
1341 1176 1470 1219 frater,

129 1245 331 1282 hominem
353 1242 463 1281 domi
499 1241 676 1291 forisque
710 1240 819 1279 lateri
853 1250 922 1278 tuo
956 1241 1228 1279 inhaerentem
1258 1239 1374 1279 sicin
1396 1241 1472 1277 hac

128 1309 334 1359 inperitiae
354 1307 524 1358 vulgaris
544 1306 736 1345 caecitate
772 1308 964 1353 deserere,
987 1315 1029 1344 ut
1064 1314 1144 1345 tarn
1177 1307 1384 1345 luculento
1406 1305 1473 1344 die

130 1374 335 1424 inlapides
348 1387 439 1412 eum
454 1371 845 1423 patiarisinpingere,
869 1371 1060 1421 effigiatos
1085 1385 1181 1410 sane
1207 1379 1246 1410 et
1266 1381 1409 1410 unctos
1435 1379 1473 1409 et

131 1447 356 1484 coronatos,
379 1451 470 1476 cum
491 1436 591 1476 scias
612 1438 731 1486 hujus
752 1437 890 1476 erroris
911 1450 994 1475 non
1014 1436 1211 1475 minorem
1228 1437 1277 1474 ad
1300 1444 1338 1476 te
1354 1449 1473 1486 quam

132 1506 182 1543 ad
205 1505 336 1553 ipsum
359 1503 562 1541 infamiam
586 1503 823 1541 redundare.
851 1512 869 1539 >>

188 1572 245 1618 (2)
285 1570 389 1608 Cum
428 1570 506 1606 hoc
540 1580 724 1606 sermone
760 1569 846 1617 ejus
879 1567 1057 1605 medium
1093 1567 1266 1617 spatium
1307 1566 1476 1604 civitatis

131 1635 283 1673 emensi
295 1636 377 1683 jam
393 1634 560 1672 liberum
578 1632 669 1670 litus
685 1633 935 1671 tenebamus.
955 1631 1014 1681 (3)
1038 1631 1100 1670 Ibi
1113 1633 1281 1670 harenas
1297 1632 1475 1678 extimas,

132 1702 240 1739 velut
259 1707 450 1738 sterneret
469 1698 714 1743 ambulacro,
738 1698 981 1747 perfundens
1002 1696 1101 1735 lenis
1122 1698 1231 1735 unda
1261 1697 1451 1735 tendebat
1468 1712 1478 1743 ;

133 1775 183 1811 et,
205 1772 248 1803 ut
268 1777 424 1815 semper
443 1776 550 1802 mare
571 1763 693 1802 etiam
715 1763 854 1813 positis
874 1763 1034 1801 flatibus
1063 1762 1289 1812 inquietum
1310 1770 1382 1808 est,
1403 1763 1476 1800 etsi

135 1843 219 1868 non
249 1830 358 1868 canis
393 1828 672 1879 spumosisque
698 1827 885 1866 fluctibus
915 1828 1047 1866 exibat
1080 1829 1132 1866 ad
1164 1836 1319 1874 terram,
1342 1836 1477 1866 tamen

136 1895 273 1945 crispis
310 1893 580 1944 tortuosisque
619 1893 769 1932 ibidem
809 1894 1005 1932 erroribus
1052 1892 1238 1931 delectati
1286 1906 1477 1943 perquam

136 1973 284 2007 sumus,
307 1972 399 1997 cum
436 1959 476 1996 in
509 1958 597 2008 ipso
628 1959 813 2008 aequoris
847 1957 985 1996 limine
1011 1959 1166 2008 plantas
1193 1957 1477 2008 tingueremus,

136 2026 245 2076 quod
274 2024 448 2062 vicissim
487 2037 594 2062 nunc
633 2024 848 2073 adpulsum
887 2023 1032 2062 nostris
1066 2022 1237 2073 pedibus
1270 2024 1480 2062 adluderet

135 2093 291 2138 fluctus,
306 2103 413 2128 nunc
429 2089 611 2128 relabens
627 2102 673 2127 ac
690 2088 853 2139 vestigia
868 2090 1071 2127 retrahens
1087 2088 1127 2126 in
1144 2101 1230 2127 sese
1246 2090 1465 2127 resorberet

137 2156 197 2205 (4)
213 2155 370 2194 Sensim
387 2155 521 2204 itaque
535 2153 829 2203 tranquilleque
846 2153 1041 2204 progressi
1055 2166 1165 2191 oram
1183 2153 1290 2191 curvi
1308 2153 1480 2206 molliter

136 2221 261 2260 litoris
281 2221 354 2258 iter
373 2219 515 2258 fabulis
535 2219 767 2257 fallentibus
788 2219 1031 2268 legebamus.
1055 2219 1170 2257 Haec
1191 2219 1349 2257 fabulae
1368 2227 1479 2258 erant

142 2286 284 2326 Octavi
323 2284 553 2323 disserentis
592 2285 642 2322 de
682 2283 933 2334 navigatione
971 2283 1153 2322 narratio.
1195 2283 1255 2333 (5)
1294 2284 1373 2322 Sed
1410 2284 1479 2322 ubi

145 2350 267 2391 eundi
288 2350 458 2400 spatium
491 2350 585 2387 satis
615 2351 766 2398 justum
799 2361 890 2387 cum
925 2361 1108 2387 sermone
1138 2348 1477 2399 consumpsimus,
