1619 2596
439 69 720 101 CHAPITRES
758 70 1075 102 XXVIII-XXX.
1300 72 1303 73 ⁷
1372 75 1431 119 33

83 177 116 215 si
145 177 244 216 fallit
272 177 458 216 alienam.
482 177 542 228 (5)
567 177 697 215 Etiam
727 177 975 227 principibus
1006 186 1044 216 et
1074 179 1244 228 regibus,
1278 193 1360 219 non
1390 189 1432 220 ut

85 242 238 293 magnis
258 251 296 281 et
331 243 468 281 electis
501 242 602 290 viris,
640 242 742 281 sicut
767 244 823 280 fas
858 250 926 288 est,
965 244 1036 282 sed
1072 252 1113 281 ut
1148 245 1233 283 deis
1268 247 1434 296 turpiter

80 307 259 346 adulatio
279 308 376 345 falsa
397 307 607 354 blanditur,
641 320 733 345 cum
754 315 793 345 et
818 308 1020 357 praeclaro
1041 309 1123 347 viro
1153 311 1282 348 honor
1301 311 1431 350 verius

80 380 121 411 et
138 373 292 422 optimo
304 385 416 411 amor
431 372 586 412 dulcius
604 373 850 422 praebeatur.
863 373 927 410 Sic
945 385 1082 411 eorum
1106 387 1256 412 numen
1270 385 1428 424 vocant,

79 438 132 476 ad
153 437 345 487 imagines
373 438 614 489 supplicant,
637 438 826 483 Genium,
858 437 897 475 id
919 444 977 475 est
1004 439 1258 487 daemonem,
1291 440 1431 492 implo-

81 510 180 549 rant,
216 511 255 542 et
289 511 348 542 est
381 503 437 542 eis
469 503 592 542 tutius
632 516 701 553 per
734 502 843 551 Jovis
880 502 1054 541 Genium
1090 505 1266 553 pejerare
1305 518 1428 555 quam

82 569 195 618 regis.

135 635 195 682 (6)
231 635 380 674 Cruces
401 635 519 673 etiarn
553 646 626 673 nec
656 634 826 672 colimus
848 648 921 672 nec
952 642 1150 685 optamus.
1184 637 1267 674 Vos
1297 638 1427 686 plane.

78 699 148 749 qui
182 699 337 749 ligneos
375 701 473 738 deos
513 699 768 746 consecratis,
805 713 941 738 cruces
984 700 1132 749 ligneas
1182 709 1225 738 ut
1260 702 1428 741 deorum

78 772 300 803 vestrorum
332 773 461 814 partes
492 765 651 803 forsitan
681 765 867 803 adoratis.
906 766 964 815 (7)
996 767 1101 803 Nam
1132 774 1169 803 et
1201 767 1312 816 signa
1343 768 1429 818 ipsa

78 837 119 869 et
153 831 341 869 cantabra
361 838 400 869 et
420 831 561 869 vexilla
582 840 800 869 castrorum
824 831 920 880 quid
947 831 1056 869 aliud
1084 844 1203 881 quam
1225 832 1430 872 inauratae

77 908 217 933 cruces
238 903 330 934 sunt
349 904 387 934 et
408 897 594 934 ornatae?
614 898 799 946 Tropaea
823 907 950 934 vestra
971 896 1146 934 victricia
1167 910 1248 935 non
1271 905 1426 936 tantum

80 960 272 1010 simplicis
292 960 419 999 crucis
439 961 592 1008 faeiem,
625 975 761 1000 verum
783 970 820 999 et
852 961 970 999 adfixi
1000 961 1174 999 hominis
1206 962 1425 1001 imitantur.

80 1024 142 1075 (8)
178 1025 343 1074 Signum
375 1039 470 1064 sane
501 1026 626 1064 crucis
667 1026 894 1064 naturaliter
924 1026 1086 1064 visimus
1122 1027 1161 1065 in
1198 1028 1298 1074 navi,
1335 1041 1426 1066 cum

80 1090 176 1129 velis
196 1091 444 1130 tumentibus
466 1092 630 1137 vehitur,
653 1105 743 1129 cum
766 1091 951 1141 expansis
983 1092 1167 1140 palmulis
1188 1092 1332 1131 labitur
1351 1109 1357 1131 :
1389 1101 1426 1131 et

76 1168 170 1193 cum
205 1156 365 1205 erigitur
399 1158 551 1206 jugum,
605 1157 731 1195 crucis
776 1156 932 1206 signum
972 1164 1043 1202 est,
1099 1165 1135 1195 et
1176 1171 1266 1195 cum
1303 1159 1427 1196 homo

77 1222 269 1272 porrectis
303 1222 487 1260 manibus
521 1225 653 1261 Deum
685 1235 780 1272 pura
808 1230 941 1260 mente
971 1231 1189 1261 veneratur.
1229 1225 1289 1261 Ita
1311 1224 1426 1274 signo

72 1287 204 1326 crucis
224 1295 292 1326 aut
311 1288 410 1327 ratio
426 1288 616 1326 naturalis
632 1288 814 1326 innititur
834 1295 901 1326 aut
923 1295 1049 1326 vestra
1071 1288 1207 1338 religio
1222 1290 1422 1328 formatur.

130 1354 257 1391 XXX.
295 1354 415 1391 Illum
435 1354 515 1402 jam
550 1353 666 1391 velim
697 1352 923 1399 convenire,
960 1354 1028 1403 qui
1058 1353 1203 1391 initiari
1224 1367 1296 1392 nos
1328 1354 1425 1392 dicit

73 1426 142 1456 aut
170 1417 295 1456 credit
317 1418 366 1456 de
387 1419 510 1456 caede
545 1418 704 1456 infantis
727 1427 764 1456 et
797 1417 1001 1468 sanguine.
1026 1419 1145 1456 Putas
1179 1431 1297 1468 posse
1329 1420 1423 1468 fieri,

77 1491 220 1521 uttam
242 1485 373 1530 molle,
404 1492 484 1521 tarn
505 1484 710 1533 parvulum
741 1496 883 1533 corpus
913 1483 992 1521 fata
1021 1484 1229 1521 vulnerum
1263 1484 1426 1533 capiat?

76 1556 120 1586 ut
157 1548 372 1599 quisquam
410 1548 521 1586 illum
557 1549 695 1587 rudem
732 1548 967 1598 sanguinem
1009 1548 1153 1587 novelli
1189 1556 1227 1586 et
1261 1549 1424 1587 vixdum

74 1614 251 1652 hominis
271 1615 423 1660 caedat,
446 1615 597 1660 fundat,
617 1613 845 1652 exhauriat?
868 1615 1003 1652 Nemo
1021 1614 1097 1651 hoc
1115 1621 1244 1664 potest
1262 1616 1424 1653 credere

74 1679 152 1717 nisi
173 1679 242 1729 qui
263 1681 387 1729 possit
407 1681 558 1718 audere.
580 1679 638 1728 (2)
662 1681 744 1717 Vos
776 1679 881 1717 enim
915 1679 1031 1717 video
1061 1688 1288 1730 procreatos
1320 1680 1422 1718 filios

73 1757 184 1782 nunc
204 1745 294 1783 feris
325 1753 363 1783 et
383 1744 520 1782 avibus
541 1758 752 1794 exponere,
789 1757 893 1781 nunc
923 1745 1244 1793 adstrangulatos
1277 1744 1424 1783 misero

75 1809 215 1848 mortis
234 1822 378 1860 genere
398 1809 554 1848 elidere.
567 1841 573 1847 .
585 1841 609 1846 ..

131 1873 190 1925 (3)
212 1876 264 1913 Et
284 1876 382 1913 haec
415 1875 552 1925 utique
573 1876 624 1914 de
645 1876 811 1913 deorum
843 1881 1062 1913 vestrorum
1094 1875 1307 1924 disciplina
1337 1876 1424 1914 des-

69 1942 253 1979 cendunt
272 1956 279 1979 :
296 1954 389 1978 nam
406 1932 597 1979 Saturnus
615 1940 715 1978 filios
737 1953 829 1978 suos
848 1938 928 1978 non
951 1940 1147 1990 exposuit,
1170 1941 1239 1978 sed
1258 1940 1421 1979 voravit.

78 2005 224 2044 Merito
244 2006 288 2043 ei
303 2005 344 2043 in
363 2006 567 2044 nonnullis
580 2006 736 2044 Africae
757 2005 936 2055 partibus
955 2018 977 2043 a
998 2005 1230 2055 parentibus
1251 2005 1424 2044 infantes

74 2069 397 2117 immolabantur,
429 2070 632 2109 blanditiis
667 2078 705 2109 et
735 2072 873 2109 osculo
909 2070 1199 2120 comprimente
1235 2069 1421 2119 vagitum,

75 2149 127 2174 ne
146 2135 290 2174 flebilis
310 2136 442 2174 hostia
462 2136 747 2176 immolaretur.
780 2136 839 2186 (4)
861 2136 1001 2174 Tauris
1031 2135 1150 2174 etiam
1182 2135 1361 2173 Ponticis
1383 2144 1423 2179 et

76 2200 276 2251 Aegyptio
297 2201 468 2240 Busiridi
499 2201 596 2240 ritus
627 2200 699 2239 fuit
719 2201 896 2250 hospites
918 2201 1136 2246 immolare,
1160 2207 1197 2238 et
1221 2199 1423 2238 Mercurio

77 2267 205 2305 Gallis
239 2267 433 2304 humanas
465 2268 526 2304 vel
557 2267 793 2305 inhumanas
825 2265 1003 2304 victimas
1034 2266 1213 2311 caedere,
1244 2266 1422 2303 Romani

72 2332 277 2370 Graecum
297 2340 336 2370 et
363 2333 572 2378 Graecam,
603 2332 762 2370 Gallum
785 2342 823 2369 et
852 2332 1008 2369 Gallam
1036 2329 1215 2369 sacrificii
1243 2329 1421 2370 viventes

143 2416 296 2443 Minucius.
1340 2424 1352 2441 ἶ
