1619 2596
498 99 755 131 CHAPITRE
790 99 972 130 XXVIII.
1320 99 1408 145 145

115 209 257 242 Malum
273 210 291 251 (
303 224 333 237 =
349 211 450 241 scelus
452 209 471 251 )
487 219 560 241 non
573 218 667 241 esse.
685 208 861 240 L'infinitif
869 208 1001 250 depend
1013 209 1054 239 de
1069 220 1134 240 non
1152 210 1415 250 intellegebamus

71 267 90 292 ((
106 259 129 290 il
145 259 282 291 n'existe
306 270 365 300 pas
385 259 427 290 de
444 259 520 294 mal,
541 258 581 289 de
598 258 697 288 crime
715 257 793 288 chez
809 258 856 288 les
873 256 1035 288 Chretiens
1052 266 1080 288 >x
1102 259 1164 289 Sur
1180 259 1282 289 scelus
1297 270 1327 283 =
1344 271 1411 290 ma-

70 309 153 346 lum,
172 318 245 349 voy.
266 308 420 345 Tertull.‚
439 308 549 347 Apol„
570 315 599 343 2,
624 315 683 336 10:
713 306 779 337 Sed
804 317 865 336 nec
891 306 922 336 in
949 306 1006 336 illo
1031 317 1070 336 ex
1095 306 1198 337 forma
1224 316 1411 339 MALORUM

65 349 319 399 judicandorum
335 357 431 398 agitis
447 367 522 397 erga
540 366 609 392 nos,
629 355 719 396 quod
736 355 851 387 ceteris
869 355 1064 395 negantibus
1088 361 1251 387 tormenta
1277 358 1412 389 adhibe-

69 407 111 438 tis
137 406 180 437 ad
205 406 440 443 confitendum,
470 405 548 436 solis
574 404 769 437 Christianis
796 405 839 435 ad
866 405 1064 445 negandum,
1093 416 1177 441 cum,
1209 414 1240 437 SI
1274 415 1411 438 MALUM

72 464 192 493 ESSET,
210 466 271 487 nos
285 455 420 497 quidem
436 465 640 495 negaremus,
660 465 718 485 vos
734 464 811 484 vero
835 454 981 484 confiteri
1006 455 1178 486 tormentis
1201 458 1411 497 compellere-

70 505 121 536 tis.
143 505 221 536 Plus
235 504 304 535 loin
321 505 367 541 (2,
385 505 448 541 11),
467 503 490 534 il
507 503 555 533 dit
574 515 581 534 z
599 503 635 533 de:
652 503 823 533 sceleribus
846 504 976 533 nostris.
993 521 1033 538 ,-
1044 502 1149 535 Adeo
1170 513 1243 535 non
1265 514 1359 543 esse,
1374 507 1414 537 ut

73 560 90 584 (
107 554 277 584 tellement
299 564 398 594 pas...
417 563 481 594 que
496 563 525 576 =
542 551 567 582 si
581 562 644 593 peu
671 562 753 592 que;
781 551 803 581 il
829 557 877 582 est
904 551 930 582 si
956 552 1022 582 vrai
1050 551 1129 593 qu’il
1154 552 1291 584 n’existe
1307 565 1413 585 aucun

71 602 171 633 crime
197 612 302 644 que...
322 609 350 633 )>.
372 602 422 634 Cf.
448 610 496 637 10,
523 611 565 640 4:
591 596 668 630 acko'
694 601 790 631 nulla
817 601 877 630 vis.
906 619 948 623 -
973 599 1204 633 Christianus
1229 611 1311 634 reus
1334 612 1351 635 (ς
1369 614 1413 634 un

71 650 218 683 chretien
243 650 369 688 accuse,
397 650 519 681 traduit
535 650 656 680 devant
680 650 710 679 le
732 650 810 690 juge
828 658 857 680 ».
876 649 945 680 [Vec
968 650 1170 687 erubesceret,
1202 662 1256 681 mc
1271 653 1410 691 limeret,

71 711 146 732 sans
162 699 394 741 complement‚
415 708 433 731 «
450 698 627 740 n'eprouve
644 698 676 728 ni
693 698 805 735 honte,
831 699 863 729 ni
880 699 1002 729 crainte
1021 707 1037 729 »
1055 699 1096 730 de
1112 706 1197 731 cette
1213 701 1409 732 accusation.

71 768 114 772 —-
131 748 256 782 Unum
278 746 491 789 paeniteret.
521 747 754 779 Construction
781 749 1005 788 personnelle:
1032 749 1061 779 le
1083 749 1166 790 sujet
1183 757 1230 780 est
1251 750 1413 781 Christia-

72 809 146 830 nus.
171 798 251 839 Voy.
270 800 287 836 ξ
308 807 333 829 1.
355 816 392 820 —
414 796 548 836 Unum,
569 798 600 827 la
617 796 715 827 chose
732 797 813 827 dont
829 808 872 827 on
889 808 922 828 se
939 804 1053 838 repent
1070 804 1118 829 est
1134 798 1152 828 a
1170 798 1259 829 l'acc.
1281 800 1334 835 (au
1350 800 1414 831 lieu

73 848 116 879 du
130 846 237 888 gem),
256 858 352 889 parce
368 858 432 888 que
448 846 526 877 c’est
543 857 586 876 un
604 856 696 887 pron.
717 851 840 876 neutre.
859 845 940 886 Voy.
967 855 1015 883 12,
1036 855 1051 885 7
1071 860 1077 877 z
1095 848 1224 878 divina.
1249 849 1411 886 Gramm„

76 905 137 928 110
153 901 186 927 et
204 904 274 928 112.
295 915 338 918 —
354 894 603 934 Solumrnodo,
624 905 704 935 pour
721 895 824 925 solum
842 906 883 925 ou
907 900 1038 926 santum
1089 896 1127 926 cs.
1153 896 1201 933 18,
1222 905 1250 936 3.
1272 916 1312 918 —
1330 897 1415 929 Non

73 947 160 977 ante
177 953 195 977 <(
211 956 270 986 pas
285 946 358 986 plus
374 945 424 975 ’[ὂῖ
442 952 468 975 )>.
490 944 645 982 Tertull.‚
665 944 774 984 Apol..
810 952 835 979 Ι,
860 953 898 974 10
915 957 921 974 ;
950 944 1052 975 Omne
1077 946 1202 975 malum
1225 951 1285 976 αιιί
1300 947 1415 977 timore

73 999 135 1025 aut
146 994 268 1035 pudore
280 999 406 1024 natura
414 993 576 1034 pmfudil.
593 993 749 1032 Denique
764 993 1062 1034 malfia-2⁴gestiunt
1077 994 1183 1024 latere.
1194 1018 1200 1025 .
1210 1019 1232 1025 ..
1252 995 1414 1025 Clu-zlesia-

75 1055 140 1075 ητις
164 1054 240 1074 vero
265 1044 352 1084 quid
370 1043 502 1073 simile?
525 1042 701 1073 Abminem
723 1043 836 1082 pudes,
862 1044 1025 1073 neminem
1041 1044 1199 1084 paenitet,
1224 1045 1296 1074 nisi
1312 1046 1415 1085 plane

75 1098 161 1124 retro
177 1090 197 1132 (
211 1107 241 1120 =
257 1095 355 1132 ante)
372 1092 563 1133 nonfuisse.

119 1189 153 1223 3.
182 1189 265 1221 Nos
280 1191 414 1222 tamen.
441 1189 511 1219 [Vos
526 1194 574 1220 est
599 1187 755 1230 exprime,
785 1200 881 1230 parce
905 1189 985 1230 qu'il
1003 1200 1126 1231 oppose
1143 1191 1189 1221 les
1205 1197 1336 1222 avocats
1353 1202 1416 1221 aux

76 1238 239 1270 chretiens
253 1237 394 1270 accuses.
417 1238 556 1270 Comme
571 1243 714 1275 ax-ocats,
735 1237 892 1269 Octavius
908 1245 940 1268 et
959 1238 1124 1270 Minucius
1149 1238 1297 1270 §etaient
1325 1240 1415 1270 char-

75 1287 132 1329 ges
157 1288 230 1329 plus
254 1287 353 1318 d’une
379 1287 450 1324 fois,
481 1292 579 1317 avant
604 1286 646 1317 de
671 1297 705 1317 se
729 1287 901 1324 convertir,
929 1287 970 1318 de
994 1288 1024 1317 la
1048 1287 1180 1319 defense
1197 1289 1237 1319 de
1254 1282 1417 1320 chretiens

75 1335 207 1368 accuses
230 1337 271 1367 de
294 1335 460 1377 sacrilege,
488 1335 644 1367 d'inceste
668 1341 701 1366 et
724 1335 831 1366 meme
857 1335 1065 1367 d’homicide.
1087 1355 1128 1359 —
1144 1335 1308 1378 Aliquos,
1335 1348 1417 1379 pour

76 1386 262 1423 nonnullos,
281 1386 468 1426 complures,
489 1403 531 1407 ——-
547 1382 821 1425 SuscipiendOS,
849 1396 882 1415 se
902 1385 950 1415 dit
974 1385 1015 1416 de
1032 1385 1188 1421 l‘avocat3
1214 1387 1252 1417 cf.
1274 1387 1305 1424 8,
1326 1395 1354 1427 3.
1376 1405 1417 1410 —-

77 1432 296 1472 parricidas,
316 1445 397 1475 pour
413 1434 592 1464 homicidas
608 1433 661 1471 (cf.
681 1435 698 1471 ἓ
716 1436 759 1473 5),
783 1442 799 1465 ((
817 1434 994 1475 coupables
1009 1435 1050 1465 de
1067 1442 1207 1466 meurtre
1225 1443 1254 1467 >).
1275 1436 1323 1467 Ce
1348 1441 1417 1467 mot

75 1495 116 1515 ne
132 1484 257 1515 semble
272 1494 331 1524 pas
347 1482 497 1524 designer
513 1482 553 1513 ici
570 1483 628 1513 des
637 1483 768 1523 publili
781 1483 883 1513 hostes
893 1493 903 1513 .·
920 1494 956 1514 ce
977 1484 1074 1514 serait
1091 1485 1121 1514 la
1137 1485 1226 1515 seule
1242 1485 1382 1516 allusion
1398 1484 1418 1515 a

75 1538 161 1565 cette
183 1532 335 1563 accusion
359 1542 423 1574 que
447 1531 664 1563 contiendrait
688 1531 882 1569 l’Oc-tazvz'us,
909 1539 951 1565 et.
979 1533 1005 1563 si
1027 1534 1089 1563 elle
1111 1533 1198 1563 avait
1214 1544 1254 1564 eu
1271 1544 1375 1571 cours,
1395 1534 1417 1564 il

74 1581 179 1613 aurait
205 1581 284 1612 fallu
310 1582 340 1611 la
365 1580 494 1612 refuter.
515 1580 708 1617 Tertullien‚
733 1582 892 1622 quelques
916 1581 1038 1612 annees
1062 1583 1135 1623 plus
1159 1582 1242 1619 tard,
1269 1594 1289 1623 y
1306 1582 1418 1613 insiste

76 1632 289 1671 longuement
303 1642 310 1661 ι
334 1630 463 1660 Νοηιεη
488 1630 666 1660 hmm'cidae
691 1634 721 1659 et
736 1631 890 1669 sacrilegi
904 1631 956 1660 vel
970 1631 1087 1661 incesti
1100 1632 1153 1661 vel
1159 1632 1291 1671 publici
1304 1632 1416 1669 hostis,

76 1684 115 1710 ut
135 1680 172 1710 de
196 1680 318 1710 nostris
339 1679 451 1719 elogiis
473 1679 599 1719 loquar.
629 1679 751 1718 (Agma,
778 1687 809 1715 2,
827 1689 866 1717 4;
889 1679 928 1709 cs.
956 1681 1022 1718 40).
1044 1680 1222 1710 Parricida
1239 1680 1291 1718 (cf.
1313 1689 1330 1711 2
1335 1688 1365 1720 5,
1386 1682 1418 1719 2)

75 1728 134 1759 fait
148 1728 289 1759 allusion
305 1739 347 1759 au
363 1733 504 1758 meurtre
520 1727 598 1758 d'un
615 1727 727 1758 enfant
749 1729 778 1764 (ξ
796 1735 813 1767 5
831 1740 838 1758 2
868 1729 904 1758 de
930 1728 1119 1770 infiznlz'bzts
1147 1730 1347 1769 immolalz's).
1377 1747 1420 1751 —

76 1777 260 1810 Tertullien
275 1777 333 1808 fait
353 1777 438 1808 aussi
454 1776 601 1808 ressortir
617 1776 778 1817 l'iniquite
795 1777 835 1807 de
853 1777 883 1807 la
900 1776 1078 1818 procedure
1097 1780 1137 1815 (c.
1150 1780 1204 1815 ⁸2).

123 1824 256 1866 Etiam,
277 1825 428 1868 employe'
451 1826 493 1857 de
516 1827 548 1857 la
572 1824 679 1857 meme
699 1825 843 1856 maniere
859 1826 979 1867 qu'aux
996 1826 1046 1857 ch.
1071 1835 1120 1865 12,
1139 1837 1160 1866 4
1179 1835 1196 1859 «
1214 1832 1246 1858 et
1262 1827 1370 1859 meme
1388 1835 1418 1859 ».

77 1895 120 1899 -
137 1875 220 1908 Hos
237 1883 255 1908 <(
272 1886 326 1907 ces
341 1875 456 1907 clients
473 1883 502 1907 ».
519 1894 560 1898 —
578 1875 668 1914 Nec,
689 1886 770 1916 pour
792 1887 831 1906 ne
853 1876 1030 1906 audiendos
1049 1877 1181 1917 quidem
1190 1887 1204 1913 ‚·
1221 1877 1260 1907 cf.
1285 1886 1296 1907 1
1307 1886 1334 1913 1,
1355 1885 1372 1917 5
1390 1882 1422 1908 et

78 1934 130 1965 29,
153 1934 180 1957 Ι.
201 1942 242 1947 -
260 1924 303 1956 In
318 1926 436 1956 totum
451 1936 480 1949 =
495 1926 641 1961 omnino,
662 1935 791 1956 comme
806 1935 847 1955 au
864 1925 958 1966 chap.
980 1934 1033 1962 22,
1053 1924 1083 1956 8.
1106 1933 1122 1956 «
1142 1926 1171 1956 Il
1188 1936 1228 1956 ne
1244 1925 1348 1956 fallait
1364 1937 1422 1967 pas

78 1975 122 2006 du
138 1979 210 2005 tout
225 1973 357 2005 ecouter
373 1975 458 2005 leurs
477 1985 592 2011 aveux,
612 1986 653 2006 en
666 1975 750 2006 tenir
772 1979 903 2014 compte
921 1981 948 2005 ».
970 1993 1012 1996 —
1030 1972 1256 2006 Miserantes
1283 1984 1418 2014 eorum,

79 2031 96 2056 «
114 2034 172 2065 par
184 2022 266 2065 pitie
275 2034 358 2064 pour
370 2034 444 2061 eux,
458 2034 540 2055 nous
552 2035 634 2055 nous
650 2023 833 2055 montrions
850 2024 922 2064 plus
939 2024 1044 2054 cruels
1062 2031 1098 2060 »ς
1115 2024 1185 2054 cela
1201 2030 1249 2055 est
1266 2023 1421 2065 explique

79 2084 138 2115 par
152 2077 192 2103 ut
205 2077 430 2113 torqueremus
444 2073 627 2114 cmfitenles
641 2072 734 2113 (eos)
750 2072 796 2102 ad
817 2072 1015 2111 negandum,
1034 2073 1181 2103 videlicet
1197 2084 1234 2103 ηε
1256 2074 1418 2113 perirent,

78 2122 191 2163 quand
218 2121 258 2152 ils
279 2121 464 2159 avouaient‚
490 2132 573 2153 nous
588 2122 740 2153 voulions
755 2122 802 2151 les
819 2120 944 2161 obliger
961 2132 1018 2162 par
1035 2122 1066 2152 la
1082 2126 1205 2152 torture
1222 2121 1240 2152 ὲ
1257 2122 1336 2159 nier,
1356 2122 1422 2152 afin

79 2171 121 2202 de
137 2171 184 2202 les
199 2181 323 2202 sauver.
340 2170 540 2201 Mz'serantes
551 2182 630 2202 avec
644 2172 673 2202 le
685 2170 760 2212 gen.
778 2171 831 2207 (au
844 2169 908 2200 lieu
921 2169 962 2200 de
975 2169 1082 2208 l’acc.)
1098 2176 1146 2202 est
1159 2171 1420 2212 post—classique.

77 2220 208 2261 Justin‚·
230 2227 279 2260 15,
309 2227 340 2259 3,
370 2219 414 2250 6:
438 2220 615 2250 miseratus
637 2221 730 2250 tanti
753 2219 827 2249 viri
847 2219 1032 2256 (Kuehner,
1064 2219 1112 2257 ΙΙ,
1143 2230 1174 2261 p.
1203 2228 1278 2259 344,
1309 2231 1332 2251 r.
1358 2222 1420 2260 13).

80 2269 236 2307 Tertull.,
253 2269 364 2310 Apol„
391 2277 423 2306 2,
445 2268 483 2299 16
499 2281 506 2300 :
535 2269 811 2299 Christianum...
830 2268 913 2307 cogis
939 2279 1067 2308 negare,
1087 2273 1127 2299 ut
1147 2269 1302 2306 absolvas,
1329 2280 1424 2310 quem

83 2329 150 2349 non
165 2319 291 2359 poteris
306 2318 475 2356 absolvere,
496 2318 568 2349 nz'sz'
587 2318 765 2358 negaverit.
786 2316 897 2357 Voyez
913 2317 944 2347 la
968 2318 1063 2348 lettre
1088 2317 1129 2348 de
1147 2317 1240 2348 Pline
1257 2317 1273 2347 ὲ
1291 2318 1424 2359 Trajan,

82 2367 114 2398 la
125 2365 264 2408 reponse
276 2366 317 2398 de
330 2366 459 2398 celui-ei
476 2366 591 2405 (Plin.‚
611 2367 674 2407 Ep.
696 2366 743 2396 ad
760 2365 870 2406 Traj„
889 2365 931 2404 96
947 2371 979 2396 et
995 2367 1062 2405 97),
1079 2371 1111 2397 et
1124 2366 1156 2397 la
1167 2365 1342 2397 refutation
1359 2366 1427 2398 elo-

146 2442 300 2469 Minucius.
1330 2453 1360 2468 10
