1619 2596
596 109 882 141 CHAPITRES
923 111 1051 141 11—1v.
1478 111 1504 154 3

157 223 327 261 eandem
363 223 514 260 emensi
536 221 638 259 viam
673 235 806 260 rursus
839 223 961 261 versis
997 223 1170 273 vestigiis
1203 223 1446 270 terebamus,
1469 230 1509 261 et

158 300 250 325 cum
269 289 321 325 ad
337 287 379 325 id
394 286 471 325 loci
485 295 647 324 ventum
661 296 732 334 est,
750 287 819 325 ubi
832 289 1056 327 subductae
1070 288 1278 326 naviculae
1296 287 1510 326 substratis

157 352 367 390 roboribus
402 365 424 390 a
457 359 612 390 terrena
659 353 750 391 labe
793 365 1012 403 suspensae
1049 353 1324 403 quiescebant,
1366 365 1511 403 pueros

158 416 340 455 videmus
360 417 541 455 certatim
555 416 772 466 gestientes
789 426 977 455 testarum
1001 419 1039 455 in
1063 431 1170 456 mare
1189 418 1512 468 jaculationibus

157 483 306 520 ludere.
330 481 389 532 (6)
411 483 450 520 Is
472 483 581 520 lusus
601 490 661 520 est
693 489 836 520 testam
867 491 1033 525 teretem
1060 483 1283 533 jactatione
1316 483 1511 521 fluctuum

165 547 376 597 levigatam
414 548 544 596 legere
583 548 633 586 de
673 547 797 595 litore,
821 562 908 586 eam
941 556 1084 587 testam
1117 551 1237 598 plano
1272 548 1349 586 situ
1382 547 1516 597 digitis

165 613 489 662 conprehensam
525 612 715 650 inclinem
756 613 885 664 ipsum
925 621 1046 663 atque
1085 613 1278 652 humilem
1317 620 1513 663 quantum

161 685 294 727 potest
314 690 432 727 super
460 678 588 715 undas
620 677 806 725 inrotare,
828 686 870 716 ut
903 679 1003 717 illud
1036 679 1214 728 jaculum
1250 679 1312 716 vel
1347 679 1514 716 dorsum

163 743 281 780 maris
302 743 458 780 raderet
477 750 670 789 enataret,
690 744 787 781 dum
809 743 889 782 leni
912 743 1064 793 impetu
1080 743 1238 790 labitur,
1263 745 1324 782 vel
1346 743 1515 781 summis

162 809 350 846 fiuctibus
388 808 513 846 tonsis
553 808 741 846 emicaret
780 817 1010 858 emergeret,
1062 810 1159 847 dum
1199 808 1373 848 adsiduo
1413 810 1513 846 saltu

164 875 401 913 sublevatur.
428 876 468 912 Is
489 888 530 912 se
564 875 604 911 in
639 875 770 925 pueris
800 876 991 913 victorem
1023 876 1187 922 ferebat,
1211 878 1325 926 cujus
1356 885 1457 915 testa
1477 886 1516 914 et

163 949 409 990 procurreret
429 940 585 990 longius
602 948 640 978 et
661 941 906 989 frequentius
928 941 1110 979 exsiliret.

221 1006 291 1042 IV.
302 1004 438 1054 Igitur,
453 1018 545 1043 cum
563 1018 704 1043 omnes
720 1007 795 1043 hac
812 1007 1031 1055 spectaculi
1048 1008 1252 1056 voluptate
1269 1020 1514 1058 caperemur,

167 1069 366 1111 Caecilius
389 1069 485 1107 nihil
507 1070 715 1108 intendere
746 1083 876 1120 neque
906 1072 957 1109 de
992 1072 1255 1110 contentione
1282 1071 1422 1119 ridere,
1445 1074 1515 1111 sed

166 1144 316 1182 tacens,
332 1136 483 1182 anxius,
506 1144 733 1186 segregatus
750 1137 880 1175 dolere
896 1137 1034 1175 nescio
1054 1138 1154 1188 quid
1174 1139 1285 1176 vultu
1306 1139 1515 1176 fatebatur.

168 1200 228 1250 (2)
250 1200 325 1239 Cui
347 1213 421 1250 ego
445 1216 452 1238 ι
477 1210 497 1240 a<
520 1200 631 1248 Quid
652 1201 730 1239 hoc
751 1209 810 1239 est
831 1201 885 1239 rei
907 1203 922 1239 ?
943 1215 1013 1240 cur
1034 1215 1116 1240 non
1136 1215 1327 1253 agnoch
1351 1202 1513 1248 Caecili,

165 1265 410 1304 alacritatem
449 1273 559 1303 tuam
598 1265 707 1303 illam
740 1274 777 1304 et
811 1267 919 1304 illam
956 1268 1163 1305 oculorum
1193 1267 1313 1306 etiam
1335 1268 1375 1306 in
1407 1268 1517 1307 seriis

168 1330 407 1369 hilaritatem
428 1330 587 1380 requiro
603 1332 619 1368 ?
634 1340 655 1371 »

219 1395 280 1446 (3)
300 1397 407 1433 Turn
423 1395 490 1434 ille
509 1411 515 1433 :
541 1407 559 1435 <a
573 1398 663 1445 Jam
685 1397 840 1434 dudum
856 1410 919 1435 me
936 1397 1080 1436 Octavi
1102 1396 1228 1436 nostri
1250 1399 1392 1435 acriter
1405 1398 1515 1448 angit

165 1469 205 1499 et
242 1462 443 1500 remordet
482 1462 621 1507 oratio,
654 1474 733 1510 qua
773 1462 811 1498 in
847 1469 886 1500 te
916 1461 1097 1500 invectus
1127 1462 1353 1513 objurgavit
1387 1464 1517 1513 negle-

166 1526 336 1575 gentiae,
365 1533 408 1564 ut
438 1539 501 1564 me
532 1526 834 1564 dissimulanter
864 1526 1021 1576 gravius
1055 1536 1234 1577 argueret
1267 1527 1515 1566 inscientiae.

168 1591 228 1642 (4)
240 1592 386 1642 Itaque
398 1592 631 1642 progrediar
643 1592 827 1629 ulterius:
844 1593 894 1630 de
909 1599 993 1629 toto
1008 1591 1162 1642 integro
1175 1592 1274 1630 mihi
1291 1606 1382 1631 cum
1400 1593 1516 1632 Octa-

166 1656 232 1694 vio
248 1670 308 1695 res
325 1665 395 1695 est.
414 1658 453 1694 Si
470 1659 613 1707 placet,
631 1664 674 1695 ut
689 1657 816 1707 ipsius
833 1666 965 1696 sectae
983 1659 1105 1697 homo
1122 1672 1214 1697 cum
1233 1672 1281 1697 eo
1297 1659 1513 1709 disputem,

163 1724 246 1772 jam
267 1723 448 1772 profecto
477 1721 685 1771 intelleget
705 1722 860 1761 facilius
882 1736 969 1761 esse
990 1723 1029 1760 in
1062 1724 1421 1762 contubernalibus
1442 1725 1518 1762 dis-

169 1795 308 1837 putare
337 1801 459 1838 quarn
493 1801 702 1828 conserere
737 1789 986 1839 sapientiam.
1022 1789 1081 1839 (5)
1117 1791 1248 1828 Modo
1278 1790 1317 1828 in
1351 1790 1434 1829 istis
1466 1792 1517 1829 ad

168 1854 330 1891 tutelam
349 1853 710 1903 balnearumjactis
727 1862 765 1892 et
778 1855 817 1891 in
831 1856 956 1892 altum
971 1856 1298 1904 procurrentibus
1315 1862 1517 1905 petrarum

168 1918 352 1956 obicibus
373 1919 606 1966 residamus,
629 1926 672 1957 ut
693 1927 730 1958 et
753 1919 1002 1969 requiescere
1023 1920 1074 1958 de
1094 1920 1235 1959 itinere
1255 1921 1458 1970 possimus
1479 1928 1518 1958 et

169 1983 360 2022 intentius
380 1983 594 2034 disputare.
622 1994 642 2024 »

223 2047 282 2098 (6)
306 2050 356 2086 Et
389 2062 482 2087 cum
513 2049 624 2087 dicto
658 2051 744 2099 ejus
777 2049 1020 2095 adsedimus,
1045 2050 1099 2088 ita
1134 2057 1177 2088 ut
1211 2062 1275 2088 me
1310 2063 1357 2088 ex
1391 2050 1517 2088 tribus

173 2113 350 2152 medium
385 2114 517 2153 lateris
550 2114 772 2154 ambitione
806 2122 1090 2165 protegerent:
1131 2127 1205 2153 nec
1236 2116 1314 2154 hoc
1349 2116 1519 2165 obsequi

172 2179 245 2217 fuit
274 2185 343 2217 aut
374 2179 527 2218 ordinis
564 2187 633 2219 aut
671 2180 846 2226 honoris,
883 2180 1033 2230 quippe
1071 2193 1162 2218 cum
1198 2180 1374 2219 amicitia
1404 2194 1518 2231 pares

172 2257 331 2295 semper
363 2253 432 2284 aut
464 2246 633 2297 accipiat
662 2253 731 2285 aut
764 2246 893 2292 faciat,
916 2247 987 2284 sed
1023 2254 1065 2284 ut
1095 2246 1241 2285 arbiter
1270 2254 1310 2285 et
1339 2247 1520 2297 utrisque

170 2309 375 2359 proximus
409 2323 524 2349 aures
555 2311 693 2350 darem
727 2318 766 2349 et
796 2311 1071 2361 disceptantes
1092 2312 1194 2350 duos
1216 2311 1372 2350 medius
1394 2325 1520 2363 segre-

173 2387 320 2424 garem.
